<?xml version="1.0" encoding="UTF-8"?>
<OAI-PMH
    xsi:schemaLocation="http://www.openarchives.org/OAI/2.0/ http://www.openarchives.org/OAI/2.0/OAI-PMH.xsd"
    xmlns="http://www.openarchives.org/OAI/2.0/"
    xmlns:xsi="http://www.w3.org/2001/XMLSchema-instance">
    <responseDate>2015-10-16T08:10:22Z</responseDate>
    <request verb="ListRecords" metadataPrefix="marc21" set="OAI_Sbib" from="2015-10-14T12:15:32Z"
        >https://eu.alma.exlibrisgroup.com/view/oai/41BIG_INST/request</request>
    <ListRecords>
        <record>
            <header status="deleted">
                <identifier>oai:urm_publish:9925840883801791</identifier>
                <datestamp>2015-10-14T22:24:16Z</datestamp>
                <setSpec>OAI_Sbib</setSpec>
            </header>
        </record>
        <record>
            <header>
                <identifier>oai:urm_publish:997683694101791</identifier>
                <datestamp>2015-10-14T22:24:19Z</datestamp>
                <setSpec>OAI_Sbib</setSpec>
            </header>
            <metadata xmlns:xsi="http://www.w3.org/2001/XMLSchema-instance">
                <record xmlns="http://www.loc.gov/MARC21/slim"
                    xmlns:xsi="http://www.w3.org/2001/XMLSchema-instance"
                    xsi:schemaLocation="http://www.loc.gov/MARC21/slim http://www.loc.gov/standards/marcxml/schema/MARC21slim.xsd">
                    <leader>01103cas a2200325 a 4500</leader>
                    <controlfield tag="005">20150127163240.0</controlfield>
                    <controlfield tag="008">131110c19819999fr x p i0 b0eng d</controlfield>
                    <controlfield tag="001">997683694101791</controlfield>
                    <datafield tag="035" ind1=" " ind2=" ">
                        <subfield code="a">vtls000768369-41big_inst</subfield>
                    </datafield>
                    <datafield tag="035" ind1=" " ind2=" ">
                        <subfield code="a">bv076836960</subfield>
                    </datafield>
                    <datafield tag="039" ind1=" " ind2=" ">
                        <subfield code="b">10-47</subfield>
                    </datafield>
                    <datafield tag="039" ind1=" " ind2="9">
                        <subfield code="a">201307161531</subfield>
                        <subfield code="b">afabig</subfield>
                        <subfield code="c">201304121806</subfield>
                        <subfield code="d">afabig</subfield>
                        <subfield code="c">201212131143</subfield>
                        <subfield code="d">afabig</subfield>
                        <subfield code="c">201208171809</subfield>
                        <subfield code="d">afabig</subfield>
                        <subfield code="y">200305291403</subfield>
                        <subfield code="z">load0047</subfield>
                    </datafield>
                    <datafield tag="040" ind1=" " ind2=" ">
                        <subfield code="a">SECO</subfield>
                        <subfield code="c">SECO</subfield>
                    </datafield>
                    <datafield tag="245" ind1="0" ind2="0">
                        <subfield code="a">OECD economic surveys.</subfield>
                        <subfield code="p">Ireland</subfield>
                        <subfield code="h">[Periodicum]</subfield>
                    </datafield>
                    <datafield tag="246" ind1="3" ind2="3">
                        <subfield code="a">Ireland</subfield>
                        <subfield code="h">[Periodicum]</subfield>
                    </datafield>
                    <datafield tag="260" ind1=" " ind2=" ">
                        <subfield code="a">Paris :</subfield>
                        <subfield code="b">Organisation for Economic Co-operation and
                            Development,</subfield>
                        <subfield code="c">1981-</subfield>
                    </datafield>
                    <datafield tag="300" ind1=" " ind2=" ">
                        <subfield code="c">23 cm</subfield>
                    </datafield>
                    <datafield tag="310" ind1=" " ind2=" ">
                        <subfield code="a">Unregelmässig</subfield>
                    </datafield>
                    <datafield tag="321" ind1=" " ind2=" ">
                        <subfield code="a">Jährl.</subfield>
                    </datafield>
                    <datafield tag="362" ind1="0" ind2=" ">
                        <subfield code="a">1981-</subfield>
                    </datafield>
                    <datafield tag="650" ind1=" " ind2="7">
                        <subfield code="a">Statistik</subfield>
                        <subfield code="2">[jurivoc]</subfield>
                    </datafield>
                    <datafield tag="650" ind1=" " ind2="9">
                        <subfield code="a">Wirtschaftsentwicklung</subfield>
                        <subfield code="5">[voc11]</subfield>
                    </datafield>
                    <datafield tag="650" ind1=" " ind2="9">
                        <subfield code="a">Wirtschaftsindikatoren</subfield>
                        <subfield code="5">[voc11]</subfield>
                    </datafield>
                    <datafield tag="650" ind1=" " ind2="7">
                        <subfield code="a">OECD</subfield>
                        <subfield code="2">[helvetosaurus]</subfield>
                    </datafield>
                    <datafield tag="650" ind1=" " ind2="7">
                        <subfield code="a">Wirtschaftsstatistik</subfield>
                        <subfield code="2">[helvetosaurus]</subfield>
                    </datafield>
                    <datafield tag="651" ind1=" " ind2="9">
                        <subfield code="a">Irland</subfield>
                        <subfield code="5">[voc11]</subfield>
                    </datafield>
                    <datafield tag="651" ind1=" " ind2="7">
                        <subfield code="a">Irland</subfield>
                        <subfield code="2">[helvetosaurus]</subfield>
                    </datafield>
                    <datafield tag="710" ind1="2" ind2=" ">
                        <subfield code="a">Organisation for Economic Co-operation and
                            Development</subfield>
                    </datafield>
                    <datafield tag="891" ind1="2" ind2=" ">
                        <subfield code="9">853</subfield>
                        <subfield code="8">2</subfield>
                        <subfield code="a">(year)</subfield>
                        <subfield code="w">x</subfield>
                    </datafield>
                    <datafield tag="999" ind1=" " ind2=" ">
                        <subfield code="a">kat11per</subfield>
                        <subfield code="b">200603</subfield>
                    </datafield>
                    <datafield tag="852" ind1="8" ind2=" ">
                        <subfield code="b">BFS</subfield>
                        <subfield code="c">Archiv</subfield>
                        <subfield code="h">BFS 61100 00 30 710112 0000 0</subfield>
                        <subfield code="8">22323896890001791</subfield>
                    </datafield>
                    <datafield tag="866" ind1=" " ind2=" ">
                        <subfield code="a">2006-</subfield>
                        <subfield code="8">1</subfield>
                        <subfield code="8">22323896890001791</subfield>
                    </datafield>
                    <datafield tag="866" ind1="3" ind2="1">
                        <subfield code="a">2008-2013</subfield>
                        <subfield code="8">2.1</subfield>
                        <subfield code="8">22323896890001791</subfield>
                    </datafield>
                    <datafield tag="866" ind1="3" ind2="1">
                        <subfield code="a">2015</subfield>
                        <subfield code="8">2.2</subfield>
                        <subfield code="8">22323896890001791</subfield>
                    </datafield>
                    <datafield tag="852" ind1="#" ind2=" ">
                        <subfield code="b">BIG</subfield>
                        <subfield code="c">vSECO</subfield>
                        <subfield code="h">BIG SECO OEPO 214</subfield>
                        <subfield code="8">22323896910001791</subfield>
                    </datafield>
                    <datafield tag="866" ind1=" " ind2=" ">
                        <subfield code="a">1983-1996</subfield>
                        <subfield code="8">1</subfield>
                        <subfield code="8">22323896910001791</subfield>
                    </datafield>
                    <datafield tag="852" ind1="#" ind2=" ">
                        <subfield code="b">SECO</subfield>
                        <subfield code="c">DokRessort</subfield>
                        <subfield code="h">SECO OEPO 214</subfield>
                        <subfield code="8">22323896900001791</subfield>
                    </datafield>
                    <datafield tag="866" ind1=" " ind2=" ">
                        <subfield code="a">nicht aufbewahrt</subfield>
                        <subfield code="8">1</subfield>
                        <subfield code="8">22323896900001791</subfield>
                    </datafield>
                    <datafield tag="949" ind1=" " ind2=" ">
                        <subfield code="a">ITEM3149957</subfield>
                        <subfield code="b">Archiv</subfield>
                        <subfield code="h">ISSUE</subfield>
                        <subfield code="8">23338919470001791</subfield>
                        <subfield code="f">BFS</subfield>
                        <subfield code="c">BFS 61100 00 30 710112 0000 0</subfield>
                    </datafield>
                </record>
            </metadata>
        </record>