
        <record>
            <header>
                <identifier>oai:urm_publish:999097974101791</identifier>
                <datestamp>2015-10-14T22:24:19Z</datestamp>
                <setSpec>OAI_Sbib</setSpec>
            </header>
            <metadata xmlns:xsi="http://www.w3.org/2001/XMLSchema-instance">
                <record xmlns="http://www.loc.gov/MARC21/slim"
                    xmlns:xsi="http://www.w3.org/2001/XMLSchema-instance"
                    xsi:schemaLocation="http://www.loc.gov/MARC21/slim http://www.loc.gov/standards/marcxml/schema/MARC21slim.xsd">
                    <leader>01117nas a2200277 a 4500</leader>
                    <controlfield tag="005">20150127173643.0</controlfield>
                    <controlfield tag="008">131110d20042005sz mr p 0 0ger d</controlfield>
                    <controlfield tag="001">999097974101791</controlfield>
                    <datafield tag="022" ind1="0" ind2=" ">
                        <subfield code="a">1661-3449</subfield>
                    </datafield>
                    <datafield tag="035" ind1=" " ind2=" ">
                        <subfield code="a">vtls000909797-41big_inst</subfield>
                    </datafield>
                    <datafield tag="035" ind1=" " ind2=" ">
                        <subfield code="a">bv000909797</subfield>
                    </datafield>
                    <datafield tag="039" ind1=" " ind2="9">
                        <subfield code="a">201209201706</subfield>
                        <subfield code="b">afabig</subfield>
                        <subfield code="c">201105211044</subfield>
                        <subfield code="d">VLOAD</subfield>
                        <subfield code="c">200603031556</subfield>
                        <subfield code="d">nadbk</subfield>
                        <subfield code="c">200507141455</subfield>
                        <subfield code="d">nadbk</subfield>
                        <subfield code="y">200507141441</subfield>
                        <subfield code="z">nadbk</subfield>
                    </datafield>
                    <datafield tag="040" ind1=" " ind2=" ">
                        <subfield code="a">SLB</subfield>
                        <subfield code="c">SLB</subfield>
                    </datafield>
                    <datafield tag="041" ind1="0" ind2=" ">
                        <subfield code="a">ger</subfield>
                        <subfield code="a">fre</subfield>
                    </datafield>
                    <datafield tag="210" ind1="1" ind2=" ">
                        <subfield code="a">Inf. Switec</subfield>
                    </datafield>
                    <datafield tag="222" ind1=" " ind2="0">
                        <subfield code="a">Information Switec</subfield>
                    </datafield>
                    <datafield tag="245" ind1="0" ind2="0">
                        <subfield code="a">Information Switec</subfield>
                        <subfield code="h">[Periodicum] :</subfield>
                        <subfield code="b">Anzeiger für technische Regeln = feuille d'avis pour
                            règles techniques /</subfield>
                        <subfield code="c">Schweizerische Normen-Vereinigung = Association suisse de
                            normalisation</subfield>
                    </datafield>
                    <datafield tag="260" ind1=" " ind2=" ">
                        <subfield code="a">Zürich :</subfield>
                        <subfield code="b">SNV, Schweizerische Normen-Vereinigung,</subfield>
                        <subfield code="c">2004-2005</subfield>
                    </datafield>
                    <datafield tag="300" ind1=" " ind2=" ">
                        <subfield code="c">30 cm</subfield>
                    </datafield>
                    <datafield tag="310" ind1=" " ind2=" ">
                        <subfield code="a">Monatl.</subfield>
                    </datafield>
                    <datafield tag="362" ind1="0" ind2=" ">
                        <subfield code="a">Jg. 53, 2004/10-Jg. 54, 2005/05 (Mai 2005)</subfield>
                    </datafield>
                    <datafield tag="580" ind1=" " ind2=" ">
                        <subfield code="a">Forts. von: Switec-Information</subfield>
                    </datafield>
                    <datafield tag="580" ind1=" " ind2=" ">
                        <subfield code="a">Forts. in elektron. Form u.d.T.: Information
                            Switec</subfield>
                    </datafield>
                    <datafield tag="710" ind1="2" ind2=" ">
                        <subfield code="a">Schweizerische Normen-Vereinigung</subfield>
                    </datafield>
                    <datafield tag="780" ind1="1" ind2="0">
                        <subfield code="t">Switec-Information</subfield>
                        <subfield code="x">1422-6731</subfield>
                    </datafield>
                    <datafield tag="785" ind1="1" ind2="0">
                        <subfield code="t">Information Switec</subfield>
                        <subfield code="x">1661-6642</subfield>
                    </datafield>
                    <datafield tag="852" ind1="4" ind2=" ">
                        <subfield code="b">BIG</subfield>
                        <subfield code="c">Magazin1</subfield>
                        <subfield code="h">BIG BBL Switec</subfield>
                        <subfield code="8">22297517290001791</subfield>
                    </datafield>
                    <datafield tag="866" ind1=" " ind2=" ">
                        <subfield code="a">2004,10-2005,5</subfield>
                        <subfield code="8">1</subfield>
                        <subfield code="8">22297517290001791</subfield>
                    </datafield>
                    <datafield tag="852" ind1="8" ind2=" ">
                        <subfield code="b">BIG</subfield>
                        <subfield code="c">Zeitschr</subfield>
                        <subfield code="h">BIG PP I 1132</subfield>
                        <subfield code="8">22338919490001791</subfield>
                    </datafield>
                    <datafield tag="866" ind1=" " ind2=" ">
                        <subfield code="a">Laufender Jahrgang wird im BFE aufbewahrt</subfield>
                        <subfield code="8">1</subfield>
                        <subfield code="8">22338919490001791</subfield>
                    </datafield>
                    <datafield tag="866" ind1=" " ind2=" ">
                        <subfield code="a">10 (2001) -11 (2004)</subfield>
                        <subfield code="8">2</subfield>
                        <subfield code="8">22338919490001791</subfield>
                    </datafield>
                    <datafield tag="866" ind1=" " ind2=" ">
                        <subfield code="a">Lückenhafter Bestand</subfield>
                        <subfield code="8">3</subfield>
                        <subfield code="8">22338919490001791</subfield>
                    </datafield>
                    <datafield tag="852" ind1="#" ind2=" ">
                        <subfield code="b">BAG</subfield>
                        <subfield code="c">WIS</subfield>
                        <subfield code="h">BAG</subfield>
                        <subfield code="8">22297517280001791</subfield>
                    </datafield>
                    <datafield tag="949" ind1=" " ind2=" ">
                        <subfield code="a">1950361523</subfield>
                        <subfield code="b">Zeitschr</subfield>
                        <subfield code="8">23338919480001791</subfield>
                        <subfield code="e">2004 (11)</subfield>
                        <subfield code="f">BIG</subfield>
                        <subfield code="c">BIG PP I 1132</subfield>
                    </datafield>
                </record>
            </metadata>
        </record>