
        <record>
            <header>
                <identifier>oai:urm_publish:9925842103201791</identifier>
                <datestamp>2015-10-14T22:24:19Z</datestamp>
                <setSpec>OAI_Sbib</setSpec>
            </header>
            <metadata xmlns:xsi="http://www.w3.org/2001/XMLSchema-instance">
                <record xmlns="http://www.loc.gov/MARC21/slim"
                    xmlns:xsi="http://www.w3.org/2001/XMLSchema-instance"
                    xsi:schemaLocation="http://www.loc.gov/MARC21/slim http://www.loc.gov/standards/marcxml/schema/MARC21slim.xsd">
                    <leader>01004nem a2200277 a 4500</leader>
                    <controlfield tag="005">20151014162850.0</controlfield>
                    <controlfield tag="008">050114s1987 sz ag a | ger d</controlfield>
                    <controlfield tag="001">9925842103201791</controlfield>
                    <datafield tag="034" ind1="1" ind2=" ">
                        <subfield code="a">a</subfield>
                        <subfield code="b">15000</subfield>
                        <subfield code="d">E0083509</subfield>
                        <subfield code="e">E0083901</subfield>
                        <subfield code="f">N0472922</subfield>
                        <subfield code="g">N0472735</subfield>
                    </datafield>
                    <datafield tag="035" ind1=" " ind2=" ">
                        <subfield code="a">bv9925842103201791</subfield>
                    </datafield>
                    <datafield tag="040" ind1=" " ind2=" ">
                        <subfield code="a">LT</subfield>
                        <subfield code="c">LT</subfield>
                    </datafield>
                    <datafield tag="245" ind1="0" ind2="0">
                        <subfield code="a">Eigental - Oberembrach</subfield>
                        <subfield code="h">[Kartenmaterial] /</subfield>
                        <subfield code="c">Aufnahme: Andreas Brüngger ... [et al.] ; Zeichnung:
                            Walter Egli ; [Hrsg.:] OLC Kapreolo</subfield>
                    </datafield>
                    <datafield tag="250" ind1=" " ind2=" ">
                        <subfield code="a">Stand 1987</subfield>
                    </datafield>
                    <datafield tag="255" ind1=" " ind2=" ">
                        <subfield code="a">1:15 000</subfield>
                        <subfield code="c">(E 8°35'09"--E 8°39'01"/N 47°29'22"--N
                            47°27'35")</subfield>
                    </datafield>
                    <datafield tag="260" ind1=" " ind2=" ">
                        <subfield code="a">[S.l.] :</subfield>
                        <subfield code="b">[s.n.],</subfield>
                        <subfield code="c">1987</subfield>
                    </datafield>
                    <datafield tag="300" ind1=" " ind2=" ">
                        <subfield code="a">1 Plan :</subfield>
                        <subfield code="b">mehrfarbig ;</subfield>
                        <subfield code="c">22 x 33 cm</subfield>
                    </datafield>
                    <datafield tag="490" ind1="1" ind2=" ">
                        <subfield code="a">OL-Karte</subfield>
                        <subfield code="v">902</subfield>
                    </datafield>
                    <datafield tag="500" ind1=" " ind2=" ">
                        <subfield code="a">Bewilligung: v+d vom 25.5.87</subfield>
                    </datafield>
                    <datafield tag="500" ind1=" " ind2=" ">
                        <subfield code="a">Druck: P. Lüscher + Co., Aarau</subfield>
                    </datafield>
                    <datafield tag="595" ind1=" " ind2=" ">
                        <subfield code="d">686 500</subfield>
                        <subfield code="e">691 300</subfield>
                        <subfield code="f">260 500</subfield>
                        <subfield code="g">257 250</subfield>
                    </datafield>
                    <datafield tag="700" ind1="1" ind2=" ">
                        <subfield code="a">Brüngger, Andreas</subfield>
                    </datafield>
                    <datafield tag="700" ind1="1" ind2=" ">
                        <subfield code="a">Egli, Walter</subfield>
                    </datafield>
                    <datafield tag="710" ind1="2" ind2=" ">
                        <subfield code="a">OLC Kapreolo</subfield>
                    </datafield>
                    <datafield tag="830" ind1=" " ind2="0">
                        <subfield code="a">OL-Karte</subfield>
                        <subfield code="h">[Kartenmaterial]</subfield>
                        <subfield code="v">902,1987</subfield>
                    </datafield>
                    <datafield tag="990" ind1=" " ind2=" ">
                        <subfield code="a">bv9925822199301791</subfield>
                    </datafield>
                    <datafield tag="999" ind1=" " ind2=" ">
                        <subfield code="a">kat40</subfield>
                    </datafield>
                    <datafield tag="852" ind1="8" ind2=" ">
                        <subfield code="b">LT</subfield>
                        <subfield code="c">Faltkarten</subfield>
                        <subfield code="h">LT K 72 OL 902,1987</subfield>
                        <subfield code="8">22338919050001791</subfield>
                    </datafield>
                    <datafield tag="949" ind1=" " ind2=" ">
                        <subfield code="a">ITEM3150031</subfield>
                        <subfield code="b">Faltkarten</subfield>
                        <subfield code="8">23338919030001791</subfield>
                        <subfield code="f">LT</subfield>
                        <subfield code="c">LT K 72 OL 902,1987</subfield>
                    </datafield>
                </record>
            </metadata>
        </record>