
        <record>
            <header>
                <identifier>oai:urm_publish:9925842103501791</identifier>
                <datestamp>2015-10-14T22:24:19Z</datestamp>
                <setSpec>OAI_Sbib</setSpec>
            </header>
            <metadata xmlns:xsi="http://www.w3.org/2001/XMLSchema-instance">
                <record xmlns="http://www.loc.gov/MARC21/slim"
                    xmlns:xsi="http://www.w3.org/2001/XMLSchema-instance"
                    xsi:schemaLocation="http://www.loc.gov/MARC21/slim http://www.loc.gov/standards/marcxml/schema/MARC21slim.xsd">
                    <leader>00567nam a2200133 a 4500</leader>
                    <controlfield tag="005">20151014152413.0</controlfield>
                    <controlfield tag="008">140306s2000 sz a||| |||| 000 0 ger d</controlfield>
                    <controlfield tag="001">9925842103501791</controlfield>
                    <datafield tag="019" ind1="1" ind2=" ">
                        <subfield code="a">Achtung: unvollständige Bestellaufnahme! - Attention:
                            notice d'acquisition incomplète!</subfield>
                    </datafield>
                    <datafield tag="040" ind1=" " ind2=" ">
                        <subfield code="a">BiG</subfield>
                        <subfield code="c">BiG</subfield>
                    </datafield>
                    <datafield tag="245" ind1="1" ind2="0">
                        <subfield code="a">Suworow Kolloquium 24./25.09.1999 Andermatt :</subfield>
                        <subfield code="b">gesammelte Dokumente von Dr. Jürg
                            Stüssi-Lauterburg</subfield>
                    </datafield>
                    <datafield tag="260" ind1=" " ind2=" ">
                        <subfield code="a">Bern :</subfield>
                        <subfield code="b">Eidg. Militärbibliothek &amp; Historischer
                            Dienst,</subfield>
                        <subfield code="c">2000</subfield>
                    </datafield>
                    <datafield tag="300" ind1=" " ind2=" ">
                        <subfield code="a">2 Bd. :</subfield>
                        <subfield code="b">Ill. ;</subfield>
                        <subfield code="c">30 cm</subfield>
                    </datafield>
                    <datafield tag="700" ind1="1" ind2=" ">
                        <subfield code="a">Stüssi-Lauterburg, Jürg</subfield>
                    </datafield>
                    <datafield tag="852" ind1="4" ind2=" ">
                        <subfield code="b">BIG</subfield>
                        <subfield code="c">EG</subfield>
                        <subfield code="h">BIG</subfield>
                        <subfield code="8">22338919130001791</subfield>
                    </datafield>
                    <datafield tag="852" ind1="4" ind2=" ">
                        <subfield code="b">BIG</subfield>
                        <subfield code="c">EG</subfield>
                        <subfield code="h">BIG</subfield>
                        <subfield code="8">22338919100001791</subfield>
                    </datafield>
                    <datafield tag="949" ind1=" " ind2=" ">
                        <subfield code="a">1950726078</subfield>
                        <subfield code="b">EG</subfield>
                        <subfield code="8">23338919110001791</subfield>
                        <subfield code="e">1</subfield>
                        <subfield code="f">BIG</subfield>
                        <subfield code="c">BIG</subfield>
                    </datafield>
                    <datafield tag="949" ind1=" " ind2=" ">
                        <subfield code="a">1950726079</subfield>
                        <subfield code="b">EG</subfield>
                        <subfield code="8">23338919090001791</subfield>
                        <subfield code="e">2</subfield>
                        <subfield code="f">BIG</subfield>
                        <subfield code="c">BIG</subfield>
                    </datafield>
                </record>
            </metadata>
        </record>