
        <record>
            <header>
                <identifier>oai:urm_publish:9925842103701791</identifier>
                <datestamp>2015-10-14T22:24:19Z</datestamp>
                <setSpec>OAI_Sbib</setSpec>
            </header>
            <metadata xmlns:xsi="http://www.w3.org/2001/XMLSchema-instance">
                <record xmlns="http://www.loc.gov/MARC21/slim"
                    xmlns:xsi="http://www.w3.org/2001/XMLSchema-instance"
                    xsi:schemaLocation="http://www.loc.gov/MARC21/slim http://www.loc.gov/standards/marcxml/schema/MARC21slim.xsd">
                    <leader>00800nam a2200217 a 4500</leader>
                    <controlfield tag="005">20151014145921.0</controlfield>
                    <controlfield tag="008">150113s1971 gw ||| |||| 000 0 ger d</controlfield>
                    <controlfield tag="001">9925842103701791</controlfield>
                    <datafield tag="035" ind1=" " ind2=" ">
                        <subfield code="a">bv9925842103701791</subfield>
                    </datafield>
                    <datafield tag="040" ind1=" " ind2=" ">
                        <subfield code="a">BIG</subfield>
                        <subfield code="c">BIG</subfield>
                    </datafield>
                    <datafield tag="100" ind1="1" ind2=" ">
                        <subfield code="a">Klages, Helmut</subfield>
                    </datafield>
                    <datafield tag="245" ind1="1" ind2="0">
                        <subfield code="a">Planungspolitik :</subfield>
                        <subfield code="b">Probleme und Perspektiven der umfassenden
                            Zukunftsgestaltung /</subfield>
                        <subfield code="c">Helmut Klages</subfield>
                    </datafield>
                    <datafield tag="260" ind1=" " ind2=" ">
                        <subfield code="a">Stuttgart [etc.] :</subfield>
                        <subfield code="b">Verlag W. Kohlhammer,</subfield>
                        <subfield code="c">1971</subfield>
                    </datafield>
                    <datafield tag="300" ind1=" " ind2=" ">
                        <subfield code="a">167 S. ;</subfield>
                        <subfield code="c">21 cm</subfield>
                    </datafield>
                    <datafield tag="490" ind1="1" ind2=" ">
                        <subfield code="a">Reihe Kohlhammer</subfield>
                    </datafield>
                    <datafield tag="650" ind1=" " ind2="7">
                        <subfield code="a">Gesellschaftsentwicklung</subfield>
                        <subfield code="0">(DE-101)130694347</subfield>
                        <subfield code="2">gnd</subfield>
                    </datafield>
                    <datafield tag="650" ind1=" " ind2="7">
                        <subfield code="a">Zukunftsplanung</subfield>
                        <subfield code="0">(DE-101)041328779</subfield>
                        <subfield code="2">gnd</subfield>
                    </datafield>
                    <datafield tag="650" ind1=" " ind2="7">
                        <subfield code="a">Planungsmodell</subfield>
                        <subfield code="0">(DE-101)042011876</subfield>
                        <subfield code="2">gnd</subfield>
                    </datafield>
                    <datafield tag="650" ind1=" " ind2="7">
                        <subfield code="a">Politische Planung</subfield>
                        <subfield code="0">(DE-101)041155874</subfield>
                        <subfield code="2">gnd</subfield>
                    </datafield>
                    <datafield tag="651" ind1=" " ind2="7">
                        <subfield code="a">Deutschland</subfield>
                        <subfield code="g">Bundesrepublik</subfield>
                        <subfield code="0">(DE-101)040118894</subfield>
                        <subfield code="2">gnd</subfield>
                    </datafield>
                    <datafield tag="830" ind1=" " ind2="0">
                        <subfield code="a">Kohlhammer</subfield>
                    </datafield>
                    <datafield tag="852" ind1="8" ind2=" ">
                        <subfield code="b">BIG</subfield>
                        <subfield code="c">vSWTR</subfield>
                        <subfield code="h">BIG SWTR Eb-308</subfield>
                        <subfield code="8">22338919200001791</subfield>
                    </datafield>
                    <datafield tag="949" ind1=" " ind2=" ">
                        <subfield code="a">1950717475</subfield>
                        <subfield code="b">vSWTR</subfield>
                        <subfield code="8">23338919180001791</subfield>
                        <subfield code="f">BIG</subfield>
                        <subfield code="c">BIG SWTR Eb-308</subfield>
                    </datafield>
                </record>
            </metadata>
        </record>