
        <record>
            <header>
                <identifier>oai:urm_publish:9925842103901791</identifier>
                <datestamp>2015-10-14T22:24:19Z</datestamp>
                <setSpec>OAI_Sbib</setSpec>
            </header>
            <metadata xmlns:xsi="http://www.w3.org/2001/XMLSchema-instance">
                <record xmlns="http://www.loc.gov/MARC21/slim"
                    xmlns:xsi="http://www.w3.org/2001/XMLSchema-instance"
                    xsi:schemaLocation="http://www.loc.gov/MARC21/slim http://www.loc.gov/standards/marcxml/schema/MARC21slim.xsd">
                    <leader>01105nam a2200217 a 4500</leader>
                    <controlfield tag="005">20151014145136.0</controlfield>
                    <controlfield tag="008">150113m19749999sz ||| ||||f000 0 ger d</controlfield>
                    <controlfield tag="001">9925842103901791</controlfield>
                    <datafield tag="035" ind1=" " ind2=" ">
                        <subfield code="a">bv9925842103901791</subfield>
                    </datafield>
                    <datafield tag="040" ind1=" " ind2=" ">
                        <subfield code="a">BIG</subfield>
                        <subfield code="c">BIG</subfield>
                    </datafield>
                    <datafield tag="245" ind1="0" ind2="0">
                        <subfield code="a">Schlussbericht der Forschungsgruppe Hochschulen
                            :</subfield>
                        <subfield code="b">(Unterprojekt Interorganisationelle Systeme) : Bericht an
                            den Schweizerischen Nationalfonds zur Förderung der wissenschaftlichen
                            Forschung (Kredit Nr. 1.473.71 SR) /</subfield>
                        <subfield code="c">Soziologisches Institut der Universität Zürich</subfield>
                    </datafield>
                    <datafield tag="260" ind1=" " ind2=" ">
                        <subfield code="a">Zürich :</subfield>
                        <subfield code="b">Soziologisches Institut der Universität
                            Zürich,</subfield>
                        <subfield code="c">1974-</subfield>
                    </datafield>
                    <datafield tag="300" ind1=" " ind2=" ">
                        <subfield code="a">Teil 1- ;</subfield>
                        <subfield code="c">21 cm</subfield>
                    </datafield>
                    <datafield tag="505" ind1="0" ind2=" ">
                        <subfield code="a">Teil 1-2: Johan Binder ... [et al.]. - 65, 40
                            S.</subfield>
                    </datafield>
                    <datafield tag="650" ind1=" " ind2="7">
                        <subfield code="a">Hochschulforschung</subfield>
                        <subfield code="0">(DE-101)041602048</subfield>
                        <subfield code="2">gnd</subfield>
                    </datafield>
                    <datafield tag="650" ind1=" " ind2="7">
                        <subfield code="a">Interorganisationssystem</subfield>
                        <subfield code="0">(DE-101)947234837</subfield>
                        <subfield code="2">gnd</subfield>
                    </datafield>
                    <datafield tag="650" ind1=" " ind2="7">
                        <subfield code="a">Forschungsprojekt</subfield>
                        <subfield code="0">(DE-101)041550536</subfield>
                        <subfield code="2">gnd</subfield>
                    </datafield>
                    <datafield tag="650" ind1=" " ind2="7">
                        <subfield code="a">Bericht</subfield>
                        <subfield code="0">(DE-101)041280229</subfield>
                        <subfield code="2">gnd</subfield>
                    </datafield>
                    <datafield tag="700" ind1="1" ind2=" ">
                        <subfield code="a">Binder, Johann</subfield>
                    </datafield>
                    <datafield tag="710" ind1="2" ind2=" ">
                        <subfield code="a">Universität Zürich.</subfield>
                        <subfield code="b">Soziologisches Institut</subfield>
                    </datafield>
                    <datafield tag="710" ind1="2" ind2=" ">
                        <subfield code="a">Schweizerischer Nationalfonds zur Förderung der
                            Wissenschaftlichen Forschung</subfield>
                    </datafield>
                    <datafield tag="852" ind1="8" ind2=" ">
                        <subfield code="b">BIG</subfield>
                        <subfield code="c">vSWTR</subfield>
                        <subfield code="h">BIG SWTR Eb-309</subfield>
                        <subfield code="8">22338919230001791</subfield>
                    </datafield>
                    <datafield tag="949" ind1=" " ind2=" ">
                        <subfield code="a">1950717474</subfield>
                        <subfield code="b">vSWTR</subfield>
                        <subfield code="8">23338919210001791</subfield>
                        <subfield code="f">BIG</subfield>
                        <subfield code="c">BIG SWTR Eb-309</subfield>
                    </datafield>
                </record>
            </metadata>
        </record>