
        <record>
            <header>
                <identifier>oai:urm_publish:9925842104101791</identifier>
                <datestamp>2015-10-14T22:24:19Z</datestamp>
                <setSpec>OAI_Sbib</setSpec>
            </header>
            <metadata xmlns:xsi="http://www.w3.org/2001/XMLSchema-instance">
                <record xmlns="http://www.loc.gov/MARC21/slim"
                    xmlns:xsi="http://www.w3.org/2001/XMLSchema-instance"
                    xsi:schemaLocation="http://www.loc.gov/MARC21/slim http://www.loc.gov/standards/marcxml/schema/MARC21slim.xsd">
                    <leader>00889nam a2200229 a 4500</leader>
                    <controlfield tag="005">20151014144127.0</controlfield>
                    <controlfield tag="008">131110t2015 fr a||| |||i000 0 eng d</controlfield>
                    <controlfield tag="001">9925842104101791</controlfield>
                    <datafield tag="020" ind1=" " ind2=" ">
                        <subfield code="a">9789264239548</subfield>
                    </datafield>
                    <datafield tag="035" ind1=" " ind2=" ">
                        <subfield code="a">bv9925842104101791</subfield>
                    </datafield>
                    <datafield tag="040" ind1=" " ind2=" ">
                        <subfield code="a">BFS</subfield>
                        <subfield code="c">BFS</subfield>
                    </datafield>
                    <datafield tag="245" ind1="0" ind2="0">
                        <subfield code="a">Students, computers and learning :</subfield>
                        <subfield code="b">making the connection /</subfield>
                        <subfield code="c">Organisation for Economic Co-operation and Development
                            (OECD)</subfield>
                    </datafield>
                    <datafield tag="260" ind1=" " ind2=" ">
                        <subfield code="a">Paris :</subfield>
                        <subfield code="b">OECD Publishing,</subfield>
                        <subfield code="c">2015</subfield>
                    </datafield>
                    <datafield tag="300" ind1=" " ind2=" ">
                        <subfield code="a">200 S. :</subfield>
                        <subfield code="b">Ill. ;</subfield>
                        <subfield code="c">23 cm</subfield>
                    </datafield>
                    <datafield tag="500" ind1=" " ind2=" ">
                        <subfield code="a">Auf dem Titelblatt: PISA, Programme for International
                            Student Assessment</subfield>
                    </datafield>
                    <datafield tag="504" ind1=" " ind2=" ">
                        <subfield code="a">Literaturverz.</subfield>
                    </datafield>
                    <datafield tag="650" ind1=" " ind2="7">
                        <subfield code="2">GND</subfield>
                        <subfield code="a">OECD</subfield>
                    </datafield>
                    <datafield tag="650" ind1=" " ind2="7">
                        <subfield code="a">Internationaler Vergleich</subfield>
                        <subfield code="0">(DE-101)04120509X</subfield>
                        <subfield code="2">GND</subfield>
                    </datafield>
                    <datafield tag="650" ind1=" " ind2="7">
                        <subfield code="a">Informationstechnik</subfield>
                        <subfield code="0">(DE-101)040269264</subfield>
                        <subfield code="2">GND</subfield>
                    </datafield>
                    <datafield tag="650" ind1=" " ind2="7">
                        <subfield code="a">Kommunikationstechnik</subfield>
                        <subfield code="0">(DE-101)040318885</subfield>
                        <subfield code="2">GND</subfield>
                    </datafield>
                    <datafield tag="710" ind1="2" ind2=" ">
                        <subfield code="a">Organisation for Economic Co-operation and
                            Development</subfield>
                    </datafield>
                    <datafield tag="999" ind1=" " ind2=" ">
                        <subfield code="a">kat11</subfield>
                        <subfield code="b">201510</subfield>
                    </datafield>
                    <datafield tag="852" ind1="8" ind2=" ">
                        <subfield code="b">BFS</subfield>
                        <subfield code="c">Archiv</subfield>
                        <subfield code="h">BFS 61100 00 38 000000 0125</subfield>
                        <subfield code="8">22338919270001791</subfield>
                    </datafield>
                    <datafield tag="949" ind1=" " ind2=" ">
                        <subfield code="a">1950588905</subfield>
                        <subfield code="b">Archiv</subfield>
                        <subfield code="h">BOOK</subfield>
                        <subfield code="8">23338919240001791</subfield>
                        <subfield code="f">BFS</subfield>
                        <subfield code="c">BFS 61100 00 38 000000 0125</subfield>
                    </datafield>
                </record>
            </metadata>
        </record>