
        <record>
            <header>
                <identifier>oai:urm_publish:9925842104201791</identifier>
                <datestamp>2015-10-14T22:24:19Z</datestamp>
                <setSpec>OAI_Sbib</setSpec>
            </header>
            <metadata xmlns:xsi="http://www.w3.org/2001/XMLSchema-instance">
                <record xmlns="http://www.loc.gov/MARC21/slim"
                    xmlns:xsi="http://www.w3.org/2001/XMLSchema-instance"
                    xsi:schemaLocation="http://www.loc.gov/MARC21/slim http://www.loc.gov/standards/marcxml/schema/MARC21slim.xsd">
                    <leader>01359nam a2200277 a 4500</leader>
                    <controlfield tag="005">20151014151556.0</controlfield>
                    <controlfield tag="008">150113s1974 sz ||| ||||i101 0 eng d</controlfield>
                    <controlfield tag="001">9925842104201791</controlfield>
                    <datafield tag="020" ind1=" " ind2=" ">
                        <subfield code="a">9240560076</subfield>
                    </datafield>
                    <datafield tag="035" ind1=" " ind2=" ">
                        <subfield code="a">bv9925842104201791</subfield>
                    </datafield>
                    <datafield tag="040" ind1=" " ind2=" ">
                        <subfield code="a">BIG</subfield>
                        <subfield code="c">BIG</subfield>
                    </datafield>
                    <datafield tag="041" ind1="0" ind2=" ">
                        <subfield code="a">eng</subfield>
                        <subfield code="a">fre</subfield>
                    </datafield>
                    <datafield tag="110" ind1="2" ind2=" ">
                        <subfield code="a">Council for International Organizations of Medical
                            Sciences.</subfield>
                        <subfield code="b">Round Table Conference</subfield>
                        <subfield code="n">(008 :</subfield>
                        <subfield code="d">1973 :</subfield>
                        <subfield code="c">Genève, GE)</subfield>
                    </datafield>
                    <datafield tag="245" ind1="0" ind2="0">
                        <subfield code="a">Protection of human rights in the light of scientific and
                            technological progress in biology and medicine /</subfield>
                        <subfield code="c">8th CIOMS Round Table Conference = Protection des droits
                            de l'homme compte tenu des progrès scientifiques et techniques de la
                            biologie et de la médecine / 8e table ronde du CIOMS</subfield>
                    </datafield>
                    <datafield tag="246" ind1="3" ind2="1">
                        <subfield code="a">Protection des droits de l'homme compte tenu des progrès
                            scientifiques et techniques de la biologie et de la médecine</subfield>
                    </datafield>
                    <datafield tag="260" ind1=" " ind2=" ">
                        <subfield code="a">Geneva :</subfield>
                        <subfield code="b">WHO,</subfield>
                        <subfield code="c">1974</subfield>
                    </datafield>
                    <datafield tag="300" ind1=" " ind2=" ">
                        <subfield code="a">384 S. ;</subfield>
                        <subfield code="c">21 cm</subfield>
                    </datafield>
                    <datafield tag="500" ind1=" " ind2=" ">
                        <subfield code="a">Kongress: WHO Headquarter, Geneva 14, 15 and 16 November
                            1973</subfield>
                    </datafield>
                    <datafield tag="500" ind1=" " ind2=" ">
                        <subfield code="a">Register</subfield>
                    </datafield>
                    <datafield tag="504" ind1=" " ind2=" ">
                        <subfield code="a">Literaturverz.</subfield>
                    </datafield>
                    <datafield tag="650" ind1=" " ind2="7">
                        <subfield code="a">Menschenrecht</subfield>
                        <subfield code="0">(DE-101)040747255</subfield>
                        <subfield code="2">gnd</subfield>
                    </datafield>
                    <datafield tag="650" ind1=" " ind2="7">
                        <subfield code="a">Wissenschaftlicher Fortschritt</subfield>
                        <subfield code="0">(DE-101)041901010</subfield>
                        <subfield code="2">gnd</subfield>
                    </datafield>
                    <datafield tag="650" ind1=" " ind2="7">
                        <subfield code="a">Technischer Fortschritt</subfield>
                        <subfield code="0">(DE-101)040592529</subfield>
                        <subfield code="2">gnd</subfield>
                    </datafield>
                    <datafield tag="650" ind1=" " ind2="7">
                        <subfield code="a">Biologie</subfield>
                        <subfield code="0">(DE-101)04006851X</subfield>
                        <subfield code="2">gnd</subfield>
                    </datafield>
                    <datafield tag="650" ind1=" " ind2="7">
                        <subfield code="a">Medizin</subfield>
                        <subfield code="0">(DE-101)040382435</subfield>
                        <subfield code="2">gnd</subfield>
                    </datafield>
                    <datafield tag="711" ind1="2" ind2=" ">
                        <subfield code="a">Kongress</subfield>
                        <subfield code="d">(1973 :</subfield>
                        <subfield code="c">Genève, GE)</subfield>
                    </datafield>
                    <datafield tag="852" ind1="8" ind2=" ">
                        <subfield code="b">BIG</subfield>
                        <subfield code="c">vSWTR</subfield>
                        <subfield code="h">BIG SWTR Eb-312</subfield>
                        <subfield code="8">22338919300001791</subfield>
                    </datafield>
                    <datafield tag="949" ind1=" " ind2=" ">
                        <subfield code="a">1950717473</subfield>
                        <subfield code="b">vSWTR</subfield>
                        <subfield code="8">23338919280001791</subfield>
                        <subfield code="f">BIG</subfield>
                        <subfield code="c">BIG SWTR Eb-312</subfield>
                    </datafield>
                </record>
            </metadata>
        </record>