
        <record>
            <header>
                <identifier>oai:urm_publish:9925842104301791</identifier>
                <datestamp>2015-10-14T22:24:19Z</datestamp>
                <setSpec>OAI_Sbib</setSpec>
            </header>
            <metadata xmlns:xsi="http://www.w3.org/2001/XMLSchema-instance">
                <record xmlns="http://www.loc.gov/MARC21/slim"
                    xmlns:xsi="http://www.w3.org/2001/XMLSchema-instance"
                    xsi:schemaLocation="http://www.loc.gov/MARC21/slim http://www.loc.gov/standards/marcxml/schema/MARC21slim.xsd">
                    <leader>01520nam a2200301 a 4500</leader>
                    <controlfield tag="005">20151014153119.0</controlfield>
                    <controlfield tag="008">150113s1974 xxu ||| ||||f100 0 eng d</controlfield>
                    <controlfield tag="001">9925842104301791</controlfield>
                    <datafield tag="035" ind1=" " ind2=" ">
                        <subfield code="a">bv9925842104301791</subfield>
                    </datafield>
                    <datafield tag="040" ind1=" " ind2=" ">
                        <subfield code="a">BIG</subfield>
                        <subfield code="c">BIG</subfield>
                    </datafield>
                    <datafield tag="111" ind1="2" ind2=" ">
                        <subfield code="a">Earth Resources Technology Satellite Symposium</subfield>
                        <subfield code="n">(003 :</subfield>
                        <subfield code="d">1973 :</subfield>
                        <subfield code="c">Washington, D.C.)</subfield>
                    </datafield>
                    <datafield tag="245" ind1="0" ind2="0">
                        <subfield code="a">Third Earth Resources Technology Satellite Symposium
                            /</subfield>
                        <subfield code="c">Goddard Space Flight Center ; comp. and ed. by Stanley C.
                            Freden ... [et al.] ; [ed.:] National Aeronautics and Space
                            Administration, Scientific and Technical Information Office</subfield>
                    </datafield>
                    <datafield tag="260" ind1=" " ind2=" ">
                        <subfield code="a">Washington, D.C. :</subfield>
                        <subfield code="b">Scientific and Technical Information Office, National
                            Aeronautics and Space Administration,</subfield>
                        <subfield code="c">1974</subfield>
                    </datafield>
                    <datafield tag="300" ind1=" " ind2=" ">
                        <subfield code="a">Vol. 3- ;</subfield>
                        <subfield code="c">27 cm</subfield>
                    </datafield>
                    <datafield tag="490" ind1="1" ind2=" ">
                        <subfield code="a">NASA SP</subfield>
                        <subfield code="v">357</subfield>
                    </datafield>
                    <datafield tag="500" ind1=" " ind2=" ">
                        <subfield code="a">Kongress: December 10 to 14, 1973, at the Statler Hilten
                            Hotel in Washington, D.C.</subfield>
                    </datafield>
                    <datafield tag="504" ind1=" " ind2=" ">
                        <subfield code="a">Literaturverz.</subfield>
                    </datafield>
                    <datafield tag="505" ind1="0" ind2=" ">
                        <subfield code="a">Vol. 3: Discipline summary reports. - 155 S.</subfield>
                    </datafield>
                    <datafield tag="650" ind1=" " ind2="7">
                        <subfield code="a">Natürliche Ressourcen</subfield>
                        <subfield code="0">(DE-101)040752364</subfield>
                        <subfield code="2">gnd</subfield>
                    </datafield>
                    <datafield tag="650" ind1=" " ind2="7">
                        <subfield code="a">Landsat</subfield>
                        <subfield code="0">(DE-101)042717604</subfield>
                        <subfield code="2">gnd</subfield>
                    </datafield>
                    <datafield tag="650" ind1=" " ind2="7">
                        <subfield code="a">Anwendungsbereich</subfield>
                        <subfield code="0">(DE-101)042327733</subfield>
                        <subfield code="2">gnd</subfield>
                    </datafield>
                    <datafield tag="650" ind1=" " ind2="7">
                        <subfield code="a">Technologie</subfield>
                        <subfield code="0">(DE-101)040592766</subfield>
                        <subfield code="2">gnd</subfield>
                    </datafield>
                    <datafield tag="650" ind1=" " ind2="7">
                        <subfield code="a">Forschung und Entwicklung</subfield>
                        <subfield code="0">(DE-101)040178978</subfield>
                        <subfield code="2">gnd</subfield>
                    </datafield>
                    <datafield tag="651" ind1=" " ind2="7">
                        <subfield code="a">USA</subfield>
                        <subfield code="0">(DE-101)040787044</subfield>
                        <subfield code="2">gnd</subfield>
                    </datafield>
                    <datafield tag="710" ind1="2" ind2=" ">
                        <subfield code="a">Goddard Space Flight Center</subfield>
                    </datafield>
                    <datafield tag="710" ind1="2" ind2=" ">
                        <subfield code="a">United States.</subfield>
                        <subfield code="b">National Aeronautics and Space Administration.</subfield>
                        <subfield code="b">Scientific and Technical Information Office</subfield>
                    </datafield>
                    <datafield tag="711" ind1="2" ind2=" ">
                        <subfield code="a">Kongress</subfield>
                        <subfield code="d">(1973 :</subfield>
                        <subfield code="c">Washington, D.C.)</subfield>
                    </datafield>
                    <datafield tag="830" ind1=" " ind2="0">
                        <subfield code="a">NASA SP</subfield>
                        <subfield code="v">357</subfield>
                    </datafield>
                    <datafield tag="852" ind1="8" ind2=" ">
                        <subfield code="b">BIG</subfield>
                        <subfield code="c">vSWTR</subfield>
                        <subfield code="h">BIG SWTR Eb-315</subfield>
                        <subfield code="8">22338919340001791</subfield>
                    </datafield>
                    <datafield tag="949" ind1=" " ind2=" ">
                        <subfield code="a">1950717472</subfield>
                        <subfield code="b">vSWTR</subfield>
                        <subfield code="8">23338919320001791</subfield>
                        <subfield code="f">BIG</subfield>
                        <subfield code="c">BIG SWTR Eb-315</subfield>
                    </datafield>
                </record>
            </metadata>
        </record>