
        <record>
            <header>
                <identifier>oai:urm_publish:9925842104401791</identifier>
                <datestamp>2015-10-14T22:24:19Z</datestamp>
                <setSpec>OAI_Sbib</setSpec>
            </header>
            <metadata xmlns:xsi="http://www.w3.org/2001/XMLSchema-instance">
                <record xmlns="http://www.loc.gov/MARC21/slim"
                    xmlns:xsi="http://www.w3.org/2001/XMLSchema-instance"
                    xsi:schemaLocation="http://www.loc.gov/MARC21/slim http://www.loc.gov/standards/marcxml/schema/MARC21slim.xsd">
                    <leader>01062nam a2200217 a 4500</leader>
                    <controlfield tag="005">20151014153332.0</controlfield>
                    <controlfield tag="008">150113s1973 fr a||| ||||i000 0 eng d</controlfield>
                    <controlfield tag="001">9925842104401791</controlfield>
                    <datafield tag="035" ind1=" " ind2=" ">
                        <subfield code="a">bv9925842104401791</subfield>
                    </datafield>
                    <datafield tag="040" ind1=" " ind2=" ">
                        <subfield code="a">BIG</subfield>
                        <subfield code="c">BIG</subfield>
                    </datafield>
                    <datafield tag="245" ind1="0" ind2="0">
                        <subfield code="a">System definition study for the application of electric
                            propulsion to the stationkeeping of communications satellite
                            :</subfield>
                        <subfield code="b">ESTEC contract no 1662/72/JS : final report /</subfield>
                        <subfield code="c">S.E.P., [Société européenne de propulsion], Etablissement
                            de Bordeaux</subfield>
                    </datafield>
                    <datafield tag="260" ind1=" " ind2=" ">
                        <subfield code="a">Blanquefort, Gironde :</subfield>
                        <subfield code="b">S.E.P., Etablissement de Bordeaux,</subfield>
                        <subfield code="c">1973</subfield>
                    </datafield>
                    <datafield tag="300" ind1=" " ind2=" ">
                        <subfield code="a">1 Bd. :</subfield>
                        <subfield code="b">Ill. ;</subfield>
                        <subfield code="c">30 cm</subfield>
                    </datafield>
                    <datafield tag="650" ind1=" " ind2="7">
                        <subfield code="a">Elektroantrieb</subfield>
                        <subfield code="0">(DE-101)040142388</subfield>
                        <subfield code="2">gnd</subfield>
                    </datafield>
                    <datafield tag="650" ind1=" " ind2="7">
                        <subfield code="a">Kommunikationssatellit</subfield>
                        <subfield code="0">(DE-101)041648129</subfield>
                        <subfield code="2">gnd</subfield>
                    </datafield>
                    <datafield tag="650" ind1=" " ind2="7">
                        <subfield code="a">Lageregelung</subfield>
                        <subfield code="0">(DE-101)040340767</subfield>
                        <subfield code="2">gnd</subfield>
                    </datafield>
                    <datafield tag="650" ind1=" " ind2="7">
                        <subfield code="a">Entwicklungsplan</subfield>
                        <subfield code="0">(DE-101)941012026</subfield>
                        <subfield code="2">gnd</subfield>
                    </datafield>
                    <datafield tag="650" ind1=" " ind2="7">
                        <subfield code="a">Kostenschätzung</subfield>
                        <subfield code="0">(DE-101)041142977</subfield>
                        <subfield code="2">gnd</subfield>
                    </datafield>
                    <datafield tag="650" ind1=" " ind2="7">
                        <subfield code="a">Forschung und Entwicklung</subfield>
                        <subfield code="0">(DE-101)040178978</subfield>
                        <subfield code="2">gnd</subfield>
                    </datafield>
                    <datafield tag="651" ind1=" " ind2="7">
                        <subfield code="a">Europa</subfield>
                        <subfield code="0">(DE-101)040157016</subfield>
                        <subfield code="2">gnd</subfield>
                    </datafield>
                    <datafield tag="710" ind1="2" ind2=" ">
                        <subfield code="a">Société européenne de propulsion (Bordeaux)</subfield>
                    </datafield>
                    <datafield tag="852" ind1="8" ind2=" ">
                        <subfield code="b">BIG</subfield>
                        <subfield code="c">vSWTR</subfield>
                        <subfield code="h">BIG SWTR Eb-276</subfield>
                        <subfield code="8">22338919370001791</subfield>
                    </datafield>
                    <datafield tag="949" ind1=" " ind2=" ">
                        <subfield code="a">1950717471</subfield>
                        <subfield code="b">vSWTR</subfield>
                        <subfield code="8">23338919350001791</subfield>
                        <subfield code="f">BIG</subfield>
                        <subfield code="c">BIG SWTR Eb-276</subfield>
                    </datafield>
                </record>
            </metadata>
        </record>