
        <record>
            <header>
                <identifier>oai:urm_publish:9925842104901791</identifier>
                <datestamp>2015-10-14T22:24:19Z</datestamp>
                <setSpec>OAI_Sbib</setSpec>
            </header>
            <metadata xmlns:xsi="http://www.w3.org/2001/XMLSchema-instance">
                <record xmlns="http://www.loc.gov/MARC21/slim"
                    xmlns:xsi="http://www.w3.org/2001/XMLSchema-instance"
                    xsi:schemaLocation="http://www.loc.gov/MARC21/slim http://www.loc.gov/standards/marcxml/schema/MARC21slim.xsd">
                    <leader>01150nam a2200241 a 4500</leader>
                    <controlfield tag="005">20151014111457.0</controlfield>
                    <controlfield tag="008">150113s1973 fr ||| ||||i000 0 fre d</controlfield>
                    <controlfield tag="001">9925842104901791</controlfield>
                    <datafield tag="035" ind1=" " ind2=" ">
                        <subfield code="a">bv9925842104901791</subfield>
                    </datafield>
                    <datafield tag="040" ind1=" " ind2=" ">
                        <subfield code="a">BIG</subfield>
                        <subfield code="c">BIG</subfield>
                    </datafield>
                    <datafield tag="100" ind1="1" ind2=" ">
                        <subfield code="a">Nizet, Jean</subfield>
                    </datafield>
                    <datafield tag="245" ind1="1" ind2="4">
                        <subfield code="a">Les comptes culturels des pouvoirs publics Belges
                            :</subfield>
                        <subfield code="b">orientations méthodologiques /</subfield>
                        <subfield code="c">Jean Nizet, Maurice Abitbol ; [éd.: Conseil de la
                            coopération culturelle], Comité de l'éducation extrascolaire et du
                            développement culturel</subfield>
                    </datafield>
                    <datafield tag="260" ind1=" " ind2=" ">
                        <subfield code="a">Strasbourg :</subfield>
                        <subfield code="b">Conseil de l'Europe, Conseil de la coopération
                            culturelle, Comité de l'éducation extrascolaire et du développement
                            culturel,</subfield>
                        <subfield code="c">1973</subfield>
                    </datafield>
                    <datafield tag="300" ind1=" " ind2=" ">
                        <subfield code="a">35 p. ;</subfield>
                        <subfield code="c">29 cm</subfield>
                    </datafield>
                    <datafield tag="504" ind1=" " ind2=" ">
                        <subfield code="a">Bibliogr.</subfield>
                    </datafield>
                    <datafield tag="650" ind1=" " ind2="7">
                        <subfield code="a">Kultur</subfield>
                        <subfield code="0">(DE-101)041256980</subfield>
                        <subfield code="2">gnd</subfield>
                    </datafield>
                    <datafield tag="650" ind1=" " ind2="7">
                        <subfield code="a">Finanzwirtschaft</subfield>
                        <subfield code="0">(DE-101)040172147</subfield>
                        <subfield code="2">gnd</subfield>
                    </datafield>
                    <datafield tag="650" ind1=" " ind2="7">
                        <subfield code="a">Kulturförderung</subfield>
                        <subfield code="0">(DE-101)041659732</subfield>
                        <subfield code="2">gnd</subfield>
                    </datafield>
                    <datafield tag="650" ind1=" " ind2="7">
                        <subfield code="a">Methode</subfield>
                        <subfield code="0">(DE-101)040389715</subfield>
                        <subfield code="2">gnd</subfield>
                    </datafield>
                    <datafield tag="650" ind1=" " ind2="7">
                        <subfield code="a">Kulturpolitik</subfield>
                        <subfield code="0">(DE-101)04033581X</subfield>
                        <subfield code="2">gnd</subfield>
                    </datafield>
                    <datafield tag="651" ind1=" " ind2="7">
                        <subfield code="a">Belgien</subfield>
                        <subfield code="0">(DE-101)040054063</subfield>
                        <subfield code="2">gnd</subfield>
                    </datafield>
                    <datafield tag="700" ind1="1" ind2=" ">
                        <subfield code="a">Abitbol, Maurice</subfield>
                    </datafield>
                    <datafield tag="710" ind1="2" ind2=" ">
                        <subfield code="a">Council of Europe.</subfield>
                        <subfield code="b">Comité de l'éducation extrascolaire et du développement
                            culturel</subfield>
                    </datafield>
                    <datafield tag="852" ind1="8" ind2=" ">
                        <subfield code="b">BIG</subfield>
                        <subfield code="c">vSWTR</subfield>
                        <subfield code="h">BIG SWTR Eb-279/2</subfield>
                        <subfield code="8">22338919550001791</subfield>
                    </datafield>
                    <datafield tag="949" ind1=" " ind2=" ">
                        <subfield code="a">1950717467</subfield>
                        <subfield code="b">vSWTR</subfield>
                        <subfield code="8">23338919530001791</subfield>
                        <subfield code="f">BIG</subfield>
                        <subfield code="c">BIG SWTR Eb-279/2</subfield>
                    </datafield>
                </record>
            </metadata>
        </record>