
        <record>
            <header>
                <identifier>oai:urm_publish:9925842105101791</identifier>
                <datestamp>2015-10-14T22:24:19Z</datestamp>
                <setSpec>OAI_Sbib</setSpec>
            </header>
            <metadata xmlns:xsi="http://www.w3.org/2001/XMLSchema-instance">
                <record xmlns="http://www.loc.gov/MARC21/slim"
                    xmlns:xsi="http://www.w3.org/2001/XMLSchema-instance"
                    xsi:schemaLocation="http://www.loc.gov/MARC21/slim http://www.loc.gov/standards/marcxml/schema/MARC21slim.xsd">
                    <leader>01118nam a2200205 a 4500</leader>
                    <controlfield tag="005">20151014105916.0</controlfield>
                    <controlfield tag="008">150113s1974 fr ||| ||||i100 0 fre d</controlfield>
                    <controlfield tag="001">9925842105101791</controlfield>
                    <datafield tag="035" ind1=" " ind2=" ">
                        <subfield code="a">bv9925842105101791</subfield>
                    </datafield>
                    <datafield tag="040" ind1=" " ind2=" ">
                        <subfield code="a">BIG</subfield>
                        <subfield code="c">BIG</subfield>
                    </datafield>
                    <datafield tag="100" ind1="1" ind2=" ">
                        <subfield code="a">Findlater, Richard</subfield>
                    </datafield>
                    <datafield tag="245" ind1="1" ind2="3">
                        <subfield code="a">La décentralisation culturelle :</subfield>
                        <subfield code="b">compte rendu du séminaire tenu du 16 au 21 avril 1972 à
                            Dartington Hall, Devon, Angleterre /</subfield>
                        <subfield code="c">par Richard Finlander ; [éd.: Conseil de la coopération
                            culturelle, Comité de l'éducation extrascolaire et du développement
                            culturel]</subfield>
                    </datafield>
                    <datafield tag="260" ind1=" " ind2=" ">
                        <subfield code="a">Strasbourg :</subfield>
                        <subfield code="b">Conseil de l'Europe, Conseil de la coopération
                            culturelle, Comité de l'éducation extrascolaire et du développement
                            culturel,</subfield>
                        <subfield code="c">1974</subfield>
                    </datafield>
                    <datafield tag="300" ind1=" " ind2=" ">
                        <subfield code="a">33 p. ;</subfield>
                        <subfield code="c">29 cm</subfield>
                    </datafield>
                    <datafield tag="650" ind1=" " ind2="7">
                        <subfield code="a">Kreativität</subfield>
                        <subfield code="0">(DE-101)040329038</subfield>
                        <subfield code="2">gnd</subfield>
                    </datafield>
                    <datafield tag="650" ind1=" " ind2="7">
                        <subfield code="a">Kulturaustausch</subfield>
                        <subfield code="0">(DE-101)041659643</subfield>
                        <subfield code="2">gnd</subfield>
                    </datafield>
                    <datafield tag="650" ind1=" " ind2="7">
                        <subfield code="a">Persönlichkeitsentfaltung</subfield>
                        <subfield code="0">(DE-101)041738624</subfield>
                        <subfield code="2">gnd</subfield>
                    </datafield>
                    <datafield tag="650" ind1=" " ind2="7">
                        <subfield code="a">Kulturpolitik</subfield>
                        <subfield code="0">(DE-101)04033581X</subfield>
                        <subfield code="2">gnd</subfield>
                    </datafield>
                    <datafield tag="710" ind1="2" ind2=" ">
                        <subfield code="a">Council of Europe.</subfield>
                        <subfield code="b">Comité de l'éducation extrascolaire et du développement
                            culturel</subfield>
                    </datafield>
                    <datafield tag="711" ind1="2" ind2=" ">
                        <subfield code="a">Kongress</subfield>
                        <subfield code="d">(1972 :</subfield>
                        <subfield code="c">Dartington, England)</subfield>
                    </datafield>
                    <datafield tag="852" ind1="8" ind2=" ">
                        <subfield code="b">BIG</subfield>
                        <subfield code="c">vSWTR</subfield>
                        <subfield code="h">BIG SWTR Eb-279/3</subfield>
                        <subfield code="8">22338919610001791</subfield>
                    </datafield>
                    <datafield tag="949" ind1=" " ind2=" ">
                        <subfield code="a">1950717466</subfield>
                        <subfield code="b">vSWTR</subfield>
                        <subfield code="8">23338919590001791</subfield>
                        <subfield code="f">BIG</subfield>
                        <subfield code="c">BIG SWTR Eb-279/3</subfield>
                    </datafield>
                </record>
            </metadata>
        </record>