
        <record>
            <header>
                <identifier>oai:urm_publish:9925842105501791</identifier>
                <datestamp>2015-10-14T22:24:19Z</datestamp>
                <setSpec>OAI_Sbib</setSpec>
            </header>
            <metadata xmlns:xsi="http://www.w3.org/2001/XMLSchema-instance">
                <record xmlns="http://www.loc.gov/MARC21/slim"
                    xmlns:xsi="http://www.w3.org/2001/XMLSchema-instance"
                    xsi:schemaLocation="http://www.loc.gov/MARC21/slim http://www.loc.gov/standards/marcxml/schema/MARC21slim.xsd">
                    <leader>01326nam a2200241 a 4500</leader>
                    <controlfield tag="005">20151014100722.0</controlfield>
                    <controlfield tag="008">150113s1974 fr ||| ||||i000 0 fre d</controlfield>
                    <controlfield tag="001">9925842105501791</controlfield>
                    <datafield tag="035" ind1=" " ind2=" ">
                        <subfield code="a">bv9925842105501791</subfield>
                    </datafield>
                    <datafield tag="040" ind1=" " ind2=" ">
                        <subfield code="a">BIG</subfield>
                        <subfield code="c">BIG</subfield>
                    </datafield>
                    <datafield tag="100" ind1="1" ind2=" ">
                        <subfield code="a">Clero, Claude</subfield>
                    </datafield>
                    <datafield tag="245" ind1="1" ind2="0">
                        <subfield code="a">Formation esthétique des responsables du cadre de vie
                            :</subfield>
                        <subfield code="b">par Claude Clero, Rémy Viard ; Centre de recherche en
                            sciences humaines, Institut de l'environnement ; [éd.: Conseil de la
                            coopération culturelle, Comité de l'éducation extrascolaire et du
                            développement culturel]</subfield>
                    </datafield>
                    <datafield tag="246" ind1="1" ind2=" ">
                        <subfield code="i">Avant-titre:</subfield>
                        <subfield code="a">Sensibilisation aux problèmes de l'esthétique du cadre de
                            vie</subfield>
                    </datafield>
                    <datafield tag="260" ind1=" " ind2=" ">
                        <subfield code="a">Strasbourg :</subfield>
                        <subfield code="b">Conseil de l'Europe, Conseil de la coopération
                            culturelle, Comité de l'éducation extrascolaire et du développement
                            culturel,</subfield>
                        <subfield code="c">1974</subfield>
                    </datafield>
                    <datafield tag="300" ind1=" " ind2=" ">
                        <subfield code="a">34 p. ;</subfield>
                        <subfield code="c">29 cm</subfield>
                    </datafield>
                    <datafield tag="650" ind1=" " ind2="7">
                        <subfield code="a">Kreativität</subfield>
                        <subfield code="0">(DE-101)040329038</subfield>
                        <subfield code="2">gnd</subfield>
                    </datafield>
                    <datafield tag="650" ind1=" " ind2="7">
                        <subfield code="a">Ästhetische Erziehung</subfield>
                        <subfield code="0">(DE-101)04000628X</subfield>
                        <subfield code="2">gnd</subfield>
                    </datafield>
                    <datafield tag="650" ind1=" " ind2="7">
                        <subfield code="a">Visuelle Wahrnehmung</subfield>
                        <subfield code="0">(DE-101)040789217</subfield>
                        <subfield code="2">gnd</subfield>
                    </datafield>
                    <datafield tag="650" ind1=" " ind2="7">
                        <subfield code="a">Lebenswelt</subfield>
                        <subfield code="0">(DE-101)040349292</subfield>
                        <subfield code="2">gnd</subfield>
                    </datafield>
                    <datafield tag="650" ind1=" " ind2="7">
                        <subfield code="a">Kulturpolitik</subfield>
                        <subfield code="0">(DE-101)04033581X</subfield>
                        <subfield code="2">gnd</subfield>
                    </datafield>
                    <datafield tag="700" ind1="1" ind2=" ">
                        <subfield code="a">Viard, Rémy</subfield>
                    </datafield>
                    <datafield tag="710" ind1="2" ind2=" ">
                        <subfield code="a">Institut de l'environnement.</subfield>
                        <subfield code="b">Centre de recherche en sciences humaines</subfield>
                    </datafield>
                    <datafield tag="710" ind1="2" ind2=" ">
                        <subfield code="a">Council of Europe.</subfield>
                        <subfield code="b">Comité de l'éducation extrascolaire et du développement
                            culturel</subfield>
                    </datafield>
                    <datafield tag="852" ind1="8" ind2=" ">
                        <subfield code="b">BIG</subfield>
                        <subfield code="c">vSWTR</subfield>
                        <subfield code="h">BIG SWTR Eb-282</subfield>
                        <subfield code="8">22338919700001791</subfield>
                    </datafield>
                    <datafield tag="949" ind1=" " ind2=" ">
                        <subfield code="a">1950717463</subfield>
                        <subfield code="b">vSWTR</subfield>
                        <subfield code="8">23338919680001791</subfield>
                        <subfield code="f">BIG</subfield>
                        <subfield code="c">BIG SWTR Eb-282</subfield>
                    </datafield>
                </record>
            </metadata>
        </record>