
        <record>
            <header>
                <identifier>oai:urm_publish:9925842105601791</identifier>
                <datestamp>2015-10-14T22:24:19Z</datestamp>
                <setSpec>OAI_Sbib</setSpec>
            </header>
            <metadata xmlns:xsi="http://www.w3.org/2001/XMLSchema-instance">
                <record xmlns="http://www.loc.gov/MARC21/slim"
                    xmlns:xsi="http://www.w3.org/2001/XMLSchema-instance"
                    xsi:schemaLocation="http://www.loc.gov/MARC21/slim http://www.loc.gov/standards/marcxml/schema/MARC21slim.xsd">
                    <leader>00875nam a2200181 a 4500</leader>
                    <controlfield tag="005">20151014094822.0</controlfield>
                    <controlfield tag="008">150113s1973 sw ||| |||| 000 0 eng d</controlfield>
                    <controlfield tag="001">9925842105601791</controlfield>
                    <datafield tag="035" ind1=" " ind2=" ">
                        <subfield code="a">bv9925842105601791</subfield>
                    </datafield>
                    <datafield tag="040" ind1=" " ind2=" ">
                        <subfield code="a">BIG</subfield>
                        <subfield code="c">BIG</subfield>
                    </datafield>
                    <datafield tag="245" ind1="0" ind2="0">
                        <subfield code="a">Technology assessment in Sweden :</subfield>
                        <subfield code="b">9 case studies : a collection of cases for use by the
                            OECD and others /</subfield>
                        <subfield code="c">prep. by the Working Group for Technology Assessment in
                            the Secretariat for Future Studies</subfield>
                    </datafield>
                    <datafield tag="260" ind1=" " ind2=" ">
                        <subfield code="a">Stockholm :</subfield>
                        <subfield code="b">Secretariat for Future Studies,</subfield>
                        <subfield code="c">1973</subfield>
                    </datafield>
                    <datafield tag="300" ind1=" " ind2=" ">
                        <subfield code="a">41 S. ;</subfield>
                        <subfield code="c">21 cm</subfield>
                    </datafield>
                    <datafield tag="650" ind1=" " ind2="7">
                        <subfield code="a">Technikbewertung</subfield>
                        <subfield code="0">(DE-101)040781763</subfield>
                        <subfield code="2">gnd</subfield>
                    </datafield>
                    <datafield tag="650" ind1=" " ind2="7">
                        <subfield code="a">Fallstudie</subfield>
                        <subfield code="0">(DE-101)04124897X</subfield>
                        <subfield code="2">gnd</subfield>
                    </datafield>
                    <datafield tag="650" ind1=" " ind2="7">
                        <subfield code="a">Technologiepolitik</subfield>
                        <subfield code="0">(DE-101)041845870</subfield>
                        <subfield code="2">gnd</subfield>
                    </datafield>
                    <datafield tag="651" ind1=" " ind2="7">
                        <subfield code="a">Schweden</subfield>
                        <subfield code="0">(DE-101)040772586</subfield>
                        <subfield code="2">gnd</subfield>
                    </datafield>
                    <datafield tag="710" ind1="1" ind2=" ">
                        <subfield code="a">Sweden.</subfield>
                        <subfield code="b">Forskningsrådsnämnden.</subfield>
                        <subfield code="b">Sekretariatet för framtidsstudier.</subfield>
                        <subfield code="b">Working Group for Technology Assessment</subfield>
                    </datafield>
                    <datafield tag="852" ind1="8" ind2=" ">
                        <subfield code="b">BIG</subfield>
                        <subfield code="c">vSWTR</subfield>
                        <subfield code="h">BIG SWTR Eb-317</subfield>
                        <subfield code="8">22338919730001791</subfield>
                    </datafield>
                    <datafield tag="949" ind1=" " ind2=" ">
                        <subfield code="a">1950717462</subfield>
                        <subfield code="b">vSWTR</subfield>
                        <subfield code="8">23338919710001791</subfield>
                        <subfield code="f">BIG</subfield>
                        <subfield code="c">BIG SWTR Eb-317</subfield>
                    </datafield>
                </record>
            </metadata>
        </record>