
        <record>
            <header>
                <identifier>oai:urm_publish:9925842105701791</identifier>
                <datestamp>2015-10-14T22:24:19Z</datestamp>
                <setSpec>OAI_Sbib</setSpec>
            </header>
            <metadata xmlns:xsi="http://www.w3.org/2001/XMLSchema-instance">
                <record xmlns="http://www.loc.gov/MARC21/slim"
                    xmlns:xsi="http://www.w3.org/2001/XMLSchema-instance"
                    xsi:schemaLocation="http://www.loc.gov/MARC21/slim http://www.loc.gov/standards/marcxml/schema/MARC21slim.xsd">
                    <leader>00841nam a2200193 a 4500</leader>
                    <controlfield tag="005">20151014110309.0</controlfield>
                    <controlfield tag="008">151014s2014 gw a||| |||| 101 0 eng d</controlfield>
                    <controlfield tag="001">9925842105701791</controlfield>
                    <datafield tag="020" ind1=" " ind2=" ">
                        <subfield code="a">9783662459591</subfield>
                    </datafield>
                    <datafield tag="035" ind1=" " ind2=" ">
                        <subfield code="a">bv9925842105701791</subfield>
                    </datafield>
                    <datafield tag="040" ind1=" " ind2=" ">
                        <subfield code="a">BAR</subfield>
                        <subfield code="c">BAR</subfield>
                    </datafield>
                    <datafield tag="245" ind1="1" ind2="0">
                        <subfield code="a">AI approaches to the complexity of legal systems
                            :</subfield>
                        <subfield code="b">AICOL 2013 International Workshops, AICOL-IV@IVR, Belo
                            Horizonte, Brazil, July 21-27, 2013 and AICOL-V@SINTELNET-JURIX,
                            Bologna, Italy, December 11, 2013 : revised selected papers /</subfield>
                        <subfield code="c">Pompeu Casanovas ... [et al.] (eds.)</subfield>
                    </datafield>
                    <datafield tag="260" ind1=" " ind2=" ">
                        <subfield code="a">Berlin :</subfield>
                        <subfield code="b">Springer,</subfield>
                        <subfield code="c">2014</subfield>
                    </datafield>
                    <datafield tag="300" ind1=" " ind2=" ">
                        <subfield code="a">289 S. :</subfield>
                        <subfield code="b">Ill. ;</subfield>
                        <subfield code="c">24 cm</subfield>
                    </datafield>
                    <datafield tag="490" ind1="1" ind2=" ">
                        <subfield code="a">Lecture Notes in Artificial Intelligence</subfield>
                        <subfield code="v">8929</subfield>
                    </datafield>
                    <datafield tag="500" ind1=" " ind2=" ">
                        <subfield code="a">Index</subfield>
                    </datafield>
                    <datafield tag="700" ind1="1" ind2=" ">
                        <subfield code="a">Casanovas, Pompeu</subfield>
                    </datafield>
                    <datafield tag="711" ind1="2" ind2=" ">
                        <subfield code="a">Kongress</subfield>
                        <subfield code="d">(2013 :</subfield>
                        <subfield code="c">Belo Horizonte, Brasilien)</subfield>
                    </datafield>
                    <datafield tag="830" ind1=" " ind2="0">
                        <subfield code="a">Lecture Notes in Artificial Intelligence</subfield>
                        <subfield code="v">8929</subfield>
                    </datafield>
                    <datafield tag="852" ind1="8" ind2=" ">
                        <subfield code="b">BAR</subfield>
                        <subfield code="c">Doku</subfield>
                        <subfield code="h">BAR A6299</subfield>
                        <subfield code="8">22338919580001791</subfield>
                    </datafield>
                    <datafield tag="949" ind1=" " ind2=" ">
                        <subfield code="a">ITEM3149956</subfield>
                        <subfield code="b">Doku</subfield>
                        <subfield code="8">23338919560001791</subfield>
                        <subfield code="f">BAR</subfield>
                        <subfield code="c">BAR A6299</subfield>
                    </datafield>
                </record>
            </metadata>
        </record>