
        <record>
            <header>
                <identifier>oai:urm_publish:9925842106001791</identifier>
                <datestamp>2015-10-14T22:24:19Z</datestamp>
                <setSpec>OAI_Sbib</setSpec>
            </header>
            <metadata xmlns:xsi="http://www.w3.org/2001/XMLSchema-instance">
                <record xmlns="http://www.loc.gov/MARC21/slim"
                    xmlns:xsi="http://www.w3.org/2001/XMLSchema-instance"
                    xsi:schemaLocation="http://www.loc.gov/MARC21/slim http://www.loc.gov/standards/marcxml/schema/MARC21slim.xsd">
                    <leader>01553nem a2200313 a 4500</leader>
                    <controlfield tag="005">20151014082330.0</controlfield>
                    <controlfield tag="008">131110s2015 sz abg a f 1 ger d</controlfield>
                    <controlfield tag="001">9925842106001791</controlfield>
                    <datafield tag="020" ind1=" " ind2=" ">
                        <subfield code="a">9783302202556</subfield>
                    </datafield>
                    <datafield tag="034" ind1="1" ind2=" ">
                        <subfield code="a">a</subfield>
                        <subfield code="b">50000</subfield>
                        <subfield code="d">E0080922</subfield>
                        <subfield code="e">E0083702</subfield>
                        <subfield code="f">N0464713</subfield>
                        <subfield code="g">N0463402</subfield>
                    </datafield>
                    <datafield tag="035" ind1=" " ind2=" ">
                        <subfield code="a">bv9925842106001791</subfield>
                    </datafield>
                    <datafield tag="040" ind1=" " ind2=" ">
                        <subfield code="a">LT</subfield>
                        <subfield code="c">LT</subfield>
                    </datafield>
                    <datafield tag="245" ind1="0" ind2="0">
                        <subfield code="a">Sustenpass</subfield>
                        <subfield code="h">[Kartenmaterial] :</subfield>
                        <subfield code="b">Gauli - Titlis - Andermatt /</subfield>
                        <subfield code="c">Red.: Martin Maier</subfield>
                    </datafield>
                    <datafield tag="246" ind1="1" ind2=" ">
                        <subfield code="i">Falttitel:</subfield>
                        <subfield code="a">Schneeschuh- und Skitourenkarte Sustenpass</subfield>
                        <subfield code="h">[Kartenmaterial]</subfield>
                    </datafield>
                    <datafield tag="250" ind1=" " ind2=" ">
                        <subfield code="a">Routen 2015, [Ausg.] 2015</subfield>
                    </datafield>
                    <datafield tag="255" ind1=" " ind2=" ">
                        <subfield code="a">1:50 000 ;</subfield>
                        <subfield code="b">winkeltreue schiefachsige Zylinderprojektion</subfield>
                        <subfield code="c">(E 8°09'22"--E 8°37'02"/N 46°47'13"--N
                            46°34'02")</subfield>
                    </datafield>
                    <datafield tag="260" ind1=" " ind2=" ">
                        <subfield code="a">Wabern :</subfield>
                        <subfield code="b">Bundesamt für Landestopografie swisstopo,</subfield>
                        <subfield code="c">2015</subfield>
                    </datafield>
                    <datafield tag="300" ind1=" " ind2=" ">
                        <subfield code="a">1 Karte :</subfield>
                        <subfield code="b">mehrfarbig ;</subfield>
                        <subfield code="c">49 x 71 cm, gef. 19 x 13 cm</subfield>
                    </datafield>
                    <datafield tag="490" ind1="1" ind2=" ">
                        <subfield code="a">Landeskarte der Schweiz 1:50 000 mit Schneeschuh-, Ski-
                            und Snowboardrouten</subfield>
                        <subfield code="v">Bl. 255 S</subfield>
                    </datafield>
                    <datafield tag="500" ind1=" " ind2=" ">
                        <subfield code="a">Rückseite: Verzeichnis der Skirouten, Hüttenliste,
                            weitere touristische Informationen</subfield>
                    </datafield>
                    <datafield tag="500" ind1=" " ind2=" ">
                        <subfield code="a">Offen oder gefalzt</subfield>
                    </datafield>
                    <datafield tag="500" ind1=" " ind2=" ">
                        <subfield code="a">Kartengrundlage: Stand des Karteninhaltes 2013</subfield>
                    </datafield>
                    <datafield tag="500" ind1=" " ind2=" ">
                        <subfield code="a">Autobuslinien und Haltestellen: Offizielles Kursbuch
                            2015, Wildruhezonen und Wildschutzgebiete 2015</subfield>
                    </datafield>
                    <datafield tag="595" ind1=" " ind2=" ">
                        <subfield code="d">2 655 000</subfield>
                        <subfield code="e">2 690 000</subfield>
                        <subfield code="f">1 182 000</subfield>
                        <subfield code="g">1 158 000</subfield>
                    </datafield>
                    <datafield tag="700" ind1="1" ind2=" ">
                        <subfield code="a">Maier, Martin</subfield>
                    </datafield>
                    <datafield tag="710" ind1="1" ind2=" ">
                        <subfield code="a">Schweiz.</subfield>
                        <subfield code="b">Bundesamt für Landestopografie</subfield>
                    </datafield>
                    <datafield tag="830" ind1=" " ind2="0">
                        <subfield code="a">Landeskarte der Schweiz 1:50 000 mit Schneeschuh-, Ski-
                            und Snowboardrouten</subfield>
                        <subfield code="h">[Kartenmaterial]</subfield>
                        <subfield code="v">255 S,2015</subfield>
                    </datafield>
                    <datafield tag="990" ind1=" " ind2=" ">
                        <subfield code="a">bv80032739</subfield>
                    </datafield>
                    <datafield tag="999" ind1=" " ind2=" ">
                        <subfield code="a">kat40</subfield>
                    </datafield>
                    <datafield tag="852" ind1="8" ind2=" ">
                        <subfield code="b">LT</subfield>
                        <subfield code="c">Faltkarten</subfield>
                        <subfield code="h">LT LK 255 S,2015</subfield>
                        <subfield code="8">22338919830001791</subfield>
                    </datafield>
                    <datafield tag="852" ind1="8" ind2=" ">
                        <subfield code="b">LT</subfield>
                        <subfield code="c">Planokarte</subfield>
                        <subfield code="h">LT LK 255 S,2015</subfield>
                        <subfield code="8">22338919860001791</subfield>
                    </datafield>
                    <datafield tag="949" ind1=" " ind2=" ">
                        <subfield code="a">ITEM3149936</subfield>
                        <subfield code="b">Planokarte</subfield>
                        <subfield code="8">23338919840001791</subfield>
                        <subfield code="g">plano</subfield>
                        <subfield code="f">LT</subfield>
                        <subfield code="c">LT LK 255 S,2015</subfield>
                    </datafield>
                    <datafield tag="949" ind1=" " ind2=" ">
                        <subfield code="a">ITEM3149937</subfield>
                        <subfield code="b">Faltkarten</subfield>
                        <subfield code="8">23338919820001791</subfield>
                        <subfield code="f">LT</subfield>
                        <subfield code="c">LT LK 255 S,2015</subfield>
                    </datafield>
                </record>
            </metadata>
        </record>