
        <record>
            <header>
                <identifier>oai:urm_publish:9925842106101791</identifier>
                <datestamp>2015-10-14T22:24:19Z</datestamp>
                <setSpec>OAI_Sbib</setSpec>
            </header>
            <metadata xmlns:xsi="http://www.w3.org/2001/XMLSchema-instance">
                <record xmlns="http://www.loc.gov/MARC21/slim"
                    xmlns:xsi="http://www.w3.org/2001/XMLSchema-instance"
                    xsi:schemaLocation="http://www.loc.gov/MARC21/slim http://www.loc.gov/standards/marcxml/schema/MARC21slim.xsd">
                    <leader>01583nem a2200313 i 4500</leader>
                    <controlfield tag="005">20151014080322.0</controlfield>
                    <controlfield tag="008">131110s2015 sz abg a f 1 ger d</controlfield>
                    <controlfield tag="001">9925842106101791</controlfield>
                    <datafield tag="020" ind1=" " ind2=" ">
                        <subfield code="a">9783302202464</subfield>
                    </datafield>
                    <datafield tag="034" ind1="1" ind2=" ">
                        <subfield code="a">a</subfield>
                        <subfield code="b">50000</subfield>
                        <subfield code="d">E0083702</subfield>
                        <subfield code="e">E0090455</subfield>
                        <subfield code="f">N0465956</subfield>
                        <subfield code="g">N0464639</subfield>
                    </datafield>
                    <datafield tag="035" ind1=" " ind2=" ">
                        <subfield code="a">bv9925842106101791</subfield>
                    </datafield>
                    <datafield tag="040" ind1=" " ind2=" ">
                        <subfield code="a">LT</subfield>
                        <subfield code="c">LT</subfield>
                    </datafield>
                    <datafield tag="245" ind1="0" ind2="0">
                        <subfield code="a">Klausenpass</subfield>
                        <subfield code="h">[Kartenmaterial] :</subfield>
                        <subfield code="b">Riemenstalden - Tödi - Braunwald /</subfield>
                        <subfield code="c">Red.: Kary Gisler</subfield>
                    </datafield>
                    <datafield tag="246" ind1="1" ind2="3">
                        <subfield code="i">Falttitel:</subfield>
                        <subfield code="a">Schneeschuh- und Skitourenkarte Klausenpass</subfield>
                        <subfield code="h">[Kartenmaterial]</subfield>
                    </datafield>
                    <datafield tag="250" ind1=" " ind2=" ">
                        <subfield code="a">Routen 2015, [Ausg.] 2015</subfield>
                    </datafield>
                    <datafield tag="255" ind1=" " ind2=" ">
                        <subfield code="a">1:50 000 ;</subfield>
                        <subfield code="b">winkeltreue schiefachsige Zylinderprojektion</subfield>
                        <subfield code="c">(E 8°37'02"--E 9°04'55"/N 46°59'56"--N
                            46°46'39")</subfield>
                    </datafield>
                    <datafield tag="260" ind1=" " ind2=" ">
                        <subfield code="a">Wabern :</subfield>
                        <subfield code="b">Bundesamt für Landestopografie swisstopo,</subfield>
                        <subfield code="c">2015</subfield>
                    </datafield>
                    <datafield tag="300" ind1=" " ind2=" ">
                        <subfield code="a">1 Karte :</subfield>
                        <subfield code="b">mehrfarbig ;</subfield>
                        <subfield code="c">49 x 71 cm, gef. 19 x 13 cm</subfield>
                    </datafield>
                    <datafield tag="490" ind1="1" ind2=" ">
                        <subfield code="a">Landeskarte der Schweiz 1:50 000 mit Schneeschuh-, Ski-
                            und Snowboardrouten</subfield>
                        <subfield code="v">Bl. 246 S</subfield>
                    </datafield>
                    <datafield tag="500" ind1=" " ind2=" ">
                        <subfield code="a">Offen oder gefalzt</subfield>
                    </datafield>
                    <datafield tag="500" ind1=" " ind2=" ">
                        <subfield code="a">Kartengrundlage: Gesamtnachführung 2007, Einzelnachträge
                            2008</subfield>
                    </datafield>
                    <datafield tag="500" ind1=" " ind2=" ">
                        <subfield code="a">Autobuslinien und Haltestellen: Offizielles Kursbuch
                            2015, Wildruhezonen und Wildschutzgebiete 2015</subfield>
                    </datafield>
                    <datafield tag="500" ind1=" " ind2=" ">
                        <subfield code="a">Rückseite: Verzeichnis der Skirouten, Hüttenliste,
                            weitere touristische Informationen</subfield>
                    </datafield>
                    <datafield tag="595" ind1=" " ind2=" ">
                        <subfield code="d">2 690 000</subfield>
                        <subfield code="e">2 725 000</subfield>
                        <subfield code="f">1 206 000</subfield>
                        <subfield code="g">1 182 000</subfield>
                    </datafield>
                    <datafield tag="700" ind1="1" ind2=" ">
                        <subfield code="a">Gisler, Kary</subfield>
                    </datafield>
                    <datafield tag="710" ind1="1" ind2=" ">
                        <subfield code="a">Schweiz.</subfield>
                        <subfield code="b">Bundesamt für Landestopografie</subfield>
                    </datafield>
                    <datafield tag="830" ind1=" " ind2="0">
                        <subfield code="a">Landeskarte der Schweiz 1:50 000 mit Schneeschuh-, Ski-
                            und Snowboardrouten</subfield>
                        <subfield code="h">[Kartenmaterial]</subfield>
                        <subfield code="v">246 S,2015</subfield>
                    </datafield>
                    <datafield tag="990" ind1=" " ind2=" ">
                        <subfield code="a">bv80032739</subfield>
                    </datafield>
                    <datafield tag="999" ind1=" " ind2=" ">
                        <subfield code="a">kat40</subfield>
                    </datafield>
                    <datafield tag="852" ind1="8" ind2=" ">
                        <subfield code="b">LT</subfield>
                        <subfield code="c">Planokarte</subfield>
                        <subfield code="h">LT LK 246 S,2015</subfield>
                        <subfield code="8">22338919940001791</subfield>
                    </datafield>
                    <datafield tag="852" ind1="8" ind2=" ">
                        <subfield code="b">LT</subfield>
                        <subfield code="c">Faltkarten</subfield>
                        <subfield code="h">LT LK 246 S,2015</subfield>
                        <subfield code="8">22338919910001791</subfield>
                    </datafield>
                    <datafield tag="949" ind1=" " ind2=" ">
                        <subfield code="a">ITEM3149934</subfield>
                        <subfield code="b">Planokarte</subfield>
                        <subfield code="8">23338919920001791</subfield>
                        <subfield code="g">plano</subfield>
                        <subfield code="f">LT</subfield>
                        <subfield code="c">LT LK 246 S,2015</subfield>
                    </datafield>
                    <datafield tag="949" ind1=" " ind2=" ">
                        <subfield code="a">ITEM3149935</subfield>
                        <subfield code="b">Faltkarten</subfield>
                        <subfield code="8">23338919900001791</subfield>
                        <subfield code="f">LT</subfield>
                        <subfield code="c">LT LK 246 S,2015</subfield>
                    </datafield>
                </record>
            </metadata>
        </record>