
        <record>
            <header>
                <identifier>oai:urm_publish:9925842205201791</identifier>
                <datestamp>2015-10-14T22:24:19Z</datestamp>
                <setSpec>OAI_Sbib</setSpec>
            </header>
            <metadata xmlns:xsi="http://www.w3.org/2001/XMLSchema-instance">
                <record xmlns="http://www.loc.gov/MARC21/slim"
                    xmlns:xsi="http://www.w3.org/2001/XMLSchema-instance"
                    xsi:schemaLocation="http://www.loc.gov/MARC21/slim http://www.loc.gov/standards/marcxml/schema/MARC21slim.xsd">
                    <leader>01050nam a2200253 a 4500</leader>
                    <controlfield tag="005">20151014155600.0</controlfield>
                    <controlfield tag="008">141203s2015 gw a||| |||| 000 0 ger d</controlfield>
                    <controlfield tag="001">9925842205201791</controlfield>
                    <datafield tag="019" ind1="1" ind2=" ">
                        <subfield code="a">Achtung: unvollständige Bestellaufnahme! - Attention:
                            notice d'acquisition incomplète!</subfield>
                    </datafield>
                    <datafield tag="020" ind1=" " ind2=" ">
                        <subfield code="a">9783412224295</subfield>
                    </datafield>
                    <datafield tag="020" ind1=" " ind2=" ">
                        <subfield code="a">3412224294</subfield>
                    </datafield>
                    <datafield tag="035" ind1=" " ind2=" ">
                        <subfield code="a">bv9925842205201791</subfield>
                    </datafield>
                    <datafield tag="040" ind1=" " ind2=" ">
                        <subfield code="a">GWDNB</subfield>
                        <subfield code="d">SzZuIDS BS/BE A300</subfield>
                    </datafield>
                    <datafield tag="245" ind1="0" ind2="0">
                        <subfield code="a">Künstler im Nationalsozialismus :</subfield>
                        <subfield code="b">die "Deutsche Kunst", die Kunstpolitik und die Berliner
                            Kunsthochschule /</subfield>
                        <subfield code="c">Wolfgang Ruppert (Hrsg.)</subfield>
                    </datafield>
                    <datafield tag="260" ind1=" " ind2=" ">
                        <subfield code="a">Köln :</subfield>
                        <subfield code="b">Böhlau Verlag,</subfield>
                        <subfield code="c">2015</subfield>
                    </datafield>
                    <datafield tag="300" ind1=" " ind2=" ">
                        <subfield code="a">371 S. :</subfield>
                        <subfield code="b">Ill.</subfield>
                    </datafield>
                    <datafield tag="648" ind1=" " ind2="7">
                        <subfield code="a">Geschichte 1933-1945</subfield>
                        <subfield code="2">gnd</subfield>
                    </datafield>
                    <datafield tag="610" ind1="2" ind2="7">
                        <subfield code="a">Staatliche Hochschule für Bildende Künste</subfield>
                        <subfield code="0">(DE-588)4216119-8</subfield>
                        <subfield code="2">gnd</subfield>
                    </datafield>
                    <datafield tag="650" ind1=" " ind2="7">
                        <subfield code="a">Künstler</subfield>
                        <subfield code="0">(DE-588)4033423-5</subfield>
                        <subfield code="2">gnd</subfield>
                    </datafield>
                    <datafield tag="650" ind1=" " ind2="7">
                        <subfield code="a">Kunstpolitik</subfield>
                        <subfield code="0">(DE-588)4033667-0</subfield>
                        <subfield code="2">gnd</subfield>
                    </datafield>
                    <datafield tag="650" ind1=" " ind2="7">
                        <subfield code="a">Nationalsozialismus</subfield>
                        <subfield code="0">(DE-588)4041316-0</subfield>
                        <subfield code="2">gnd</subfield>
                    </datafield>
                    <datafield tag="651" ind1=" " ind2="7">
                        <subfield code="a">Deutschland</subfield>
                        <subfield code="0">(DE-588)4011882-4</subfield>
                        <subfield code="2">gnd</subfield>
                    </datafield>
                    <datafield tag="655" ind1=" " ind2="7">
                        <subfield code="a">Kongress</subfield>
                        <subfield code="z">Berlin (2013)</subfield>
                        <subfield code="2">gnd</subfield>
                    </datafield>
                    <datafield tag="700" ind1="1" ind2=" ">
                        <subfield code="a">Ruppert, Wolfgang</subfield>
                    </datafield>
                    <datafield tag="852" ind1="4" ind2=" ">
                        <subfield code="b">BIG</subfield>
                        <subfield code="c">EG</subfield>
                        <subfield code="8">22338929130001791</subfield>
                    </datafield>
                    <datafield tag="949" ind1=" " ind2=" ">
                        <subfield code="a">ITEM3150026</subfield>
                        <subfield code="b">EG</subfield>
                        <subfield code="h">BOOK</subfield>
                        <subfield code="8">23338929120001791</subfield>
                        <subfield code="f">BIG</subfield>
                    </datafield>
                </record>
            </metadata>
        </record>