
        <record>
            <header>
                <identifier>oai:urm_publish:9925842205301791</identifier>
                <datestamp>2015-10-14T22:24:19Z</datestamp>
                <setSpec>OAI_Sbib</setSpec>
            </header>
            <metadata xmlns:xsi="http://www.w3.org/2001/XMLSchema-instance">
                <record xmlns="http://www.loc.gov/MARC21/slim"
                    xmlns:xsi="http://www.w3.org/2001/XMLSchema-instance"
                    xsi:schemaLocation="http://www.loc.gov/MARC21/slim http://www.loc.gov/standards/marcxml/schema/MARC21slim.xsd">
                    <leader>00980nam a2200241 a 4500</leader>
                    <controlfield tag="005">20151014143843.0</controlfield>
                    <controlfield tag="008">151014s2015 sz ||||||||||||| ||ger d</controlfield>
                    <controlfield tag="001">9925842205301791</controlfield>
                    <datafield tag="035" ind1=" " ind2=" ">
                        <subfield code="a">bv9925842205301791</subfield>
                    </datafield>
                    <datafield tag="040" ind1=" " ind2=" ">
                        <subfield code="a">PSCH</subfield>
                        <subfield code="c">PSCH</subfield>
                    </datafield>
                    <datafield tag="100" ind1="1" ind2=" ">
                        <subfield code="a">Ruoss, Matthias</subfield>
                    </datafield>
                    <datafield tag="245" ind1="1" ind2="0">
                        <subfield code="a">Nach der Arbeit :</subfield>
                        <subfield code="b">der «Pensionierungsschock» in der Nachkriegszeit zwischen
                            Belastung und Aktivierung /</subfield>
                        <subfield code="c">Matthias Ruoss</subfield>
                    </datafield>
                    <datafield tag="260" ind1=" " ind2=" ">
                        <subfield code="a">2015</subfield>
                    </datafield>
                    <datafield tag="650" ind1=" " ind2="7">
                        <subfield code="a">Alter</subfield>
                        <subfield code="0">(DE-101)040014460</subfield>
                        <subfield code="2">GND</subfield>
                    </datafield>
                    <datafield tag="650" ind1=" " ind2="7">
                        <subfield code="a">Pensionierung</subfield>
                        <subfield code="0">(DE-101)041736680</subfield>
                        <subfield code="2">GND</subfield>
                    </datafield>
                    <datafield tag="650" ind1=" " ind2="7">
                        <subfield code="a">Aktivität</subfield>
                        <subfield code="0">(DE-101)041417666</subfield>
                        <subfield code="2">GND</subfield>
                    </datafield>
                    <datafield tag="650" ind1=" " ind2="7">
                        <subfield code="a">Belastung</subfield>
                        <subfield code="0">(DE-101)04005392X</subfield>
                        <subfield code="2">GND</subfield>
                    </datafield>
                    <datafield tag="650" ind1=" " ind2="7">
                        <subfield code="a">Alters- und Hinterlassenenversicherung</subfield>
                        <subfield code="0">(DE-101)04206726X</subfield>
                        <subfield code="2">GND</subfield>
                    </datafield>
                    <datafield tag="650" ind1=" " ind2="7">
                        <subfield code="a">Ruhestand</subfield>
                        <subfield code="0">(DE-101)040509184</subfield>
                        <subfield code="2">GND</subfield>
                    </datafield>
                    <datafield tag="650" ind1=" " ind2="7">
                        <subfield code="a">Freizeit</subfield>
                        <subfield code="0">(DE-101)040183823</subfield>
                        <subfield code="2">GND</subfield>
                    </datafield>
                    <datafield tag="773" ind1="0" ind2=" ">
                        <subfield code="s">Ausser Betrieb : Metamorphosen der Arbeit in der
                            Schweiz</subfield>
                        <subfield code="g">Zürich : Limmat, 2015. - S. 125-139</subfield>
                        <subfield code="z">9783857917578</subfield>
                    </datafield>
                    <datafield tag="999" ind1=" " ind2=" ">
                        <subfield code="a">zm42k</subfield>
                        <subfield code="b">201502</subfield>
                        <subfield code="c">05</subfield>
                    </datafield>
                    <datafield tag="999" ind1=" " ind2=" ">
                        <subfield code="a">zm42w</subfield>
                        <subfield code="b">2015w42</subfield>
                    </datafield>
                    <datafield tag="852" ind1="8" ind2=" ">
                        <subfield code="b">PSCH</subfield>
                        <subfield code="c">Bibliothek</subfield>
                        <subfield code="h">PSCH 51.2.1925</subfield>
                        <subfield code="8">22338929300001791</subfield>
                    </datafield>
                    <datafield tag="949" ind1=" " ind2=" ">
                        <subfield code="a">ITEM3150006</subfield>
                        <subfield code="b">Bibliothek</subfield>
                        <subfield code="8">23338929280001791</subfield>
                        <subfield code="f">PSCH</subfield>
                        <subfield code="c">PSCH 51.2.1925</subfield>
                    </datafield>
                </record>
            </metadata>
        </record>