
        <record>
            <header>
                <identifier>oai:urm_publish:9925842205901791</identifier>
                <datestamp>2015-10-14T22:24:19Z</datestamp>
                <setSpec>OAI_Sbib</setSpec>
            </header>
            <metadata xmlns:xsi="http://www.w3.org/2001/XMLSchema-instance">
                <record xmlns="http://www.loc.gov/MARC21/slim"
                    xmlns:xsi="http://www.w3.org/2001/XMLSchema-instance"
                    xsi:schemaLocation="http://www.loc.gov/MARC21/slim http://www.loc.gov/standards/marcxml/schema/MARC21slim.xsd">
                    <leader>00664nam a2200169 a 4500</leader>
                    <controlfield tag="005">20151014101151.0</controlfield>
                    <controlfield tag="008">150610s2015 xxua||| |||| 000 0 eng d</controlfield>
                    <controlfield tag="001">9925842205901791</controlfield>
                    <datafield tag="019" ind1="1" ind2=" ">
                        <subfield code="a">Achtung: unvollständige Bestellaufnahme! - Attention:
                            notice d'acquisition incomplète!</subfield>
                    </datafield>
                    <datafield tag="020" ind1=" " ind2=" ">
                        <subfield code="a">9789004302822</subfield>
                    </datafield>
                    <datafield tag="020" ind1=" " ind2=" ">
                        <subfield code="a">9004302824 (hardback : alk. paper)</subfield>
                    </datafield>
                    <datafield tag="035" ind1=" " ind2=" ">
                        <subfield code="a">bv9925842205901791</subfield>
                    </datafield>
                    <datafield tag="040" ind1=" " ind2=" ">
                        <subfield code="a">DLC</subfield>
                        <subfield code="d">SzZuIDS BS/BE B599</subfield>
                    </datafield>
                    <datafield tag="245" ind1="0" ind2="0">
                        <subfield code="a">Legal regimes for environmental protection :</subfield>
                        <subfield code="b">governance for climate change and ocean resources
                            /</subfield>
                        <subfield code="c">ed. by Hans-Joachim Koch ... [et al.]</subfield>
                    </datafield>
                    <datafield tag="260" ind1=" " ind2=" ">
                        <subfield code="a">Boston :</subfield>
                        <subfield code="b">Brill Nijhoff,</subfield>
                        <subfield code="c">2015</subfield>
                    </datafield>
                    <datafield tag="300" ind1=" " ind2=" ">
                        <subfield code="a">351 S. :</subfield>
                        <subfield code="b">Ill.</subfield>
                    </datafield>
                    <datafield tag="700" ind1="1" ind2=" ">
                        <subfield code="a">Koch, Hans-Joachim</subfield>
                    </datafield>
                    <datafield tag="852" ind1="4" ind2=" ">
                        <subfield code="b">BIG</subfield>
                        <subfield code="c">EG</subfield>
                        <subfield code="8">22338929750001791</subfield>
                    </datafield>
                    <datafield tag="949" ind1=" " ind2=" ">
                        <subfield code="a">ITEM3149953</subfield>
                        <subfield code="b">EG</subfield>
                        <subfield code="h">BOOK</subfield>
                        <subfield code="8">23338929740001791</subfield>
                        <subfield code="f">BIG</subfield>
                    </datafield>
                </record>
            </metadata>
        </record>