
        <record>
            <header>
                <identifier>oai:urm_publish:9925842206001791</identifier>
                <datestamp>2015-10-14T22:24:19Z</datestamp>
                <setSpec>OAI_Sbib</setSpec>
            </header>
            <metadata xmlns:xsi="http://www.w3.org/2001/XMLSchema-instance">
                <record xmlns="http://www.loc.gov/MARC21/slim"
                    xmlns:xsi="http://www.w3.org/2001/XMLSchema-instance"
                    xsi:schemaLocation="http://www.loc.gov/MARC21/slim http://www.loc.gov/standards/marcxml/schema/MARC21slim.xsd">
                    <leader>00621nam a2200157 a 4500</leader>
                    <controlfield tag="005">20151014091239.0</controlfield>
                    <controlfield tag="008">151014s2015 ne ||| |||| 000 0 eng d</controlfield>
                    <controlfield tag="001">9925842206001791</controlfield>
                    <datafield tag="019" ind1="1" ind2=" ">
                        <subfield code="a">Achtung: unvollständige Bestellaufnahme! - Attention:
                            notice d'acquisition incomplète!</subfield>
                    </datafield>
                    <datafield tag="020" ind1=" " ind2=" ">
                        <subfield code="a">9789004299917</subfield>
                    </datafield>
                    <datafield tag="035" ind1=" " ind2=" ">
                        <subfield code="a">bv9925842206001791</subfield>
                    </datafield>
                    <datafield tag="040" ind1=" " ind2=" ">
                        <subfield code="a">BiG</subfield>
                        <subfield code="c">BiG</subfield>
                    </datafield>
                    <datafield tag="100" ind1="1" ind2=" ">
                        <subfield code="a">Neuhold, Hanspeter</subfield>
                    </datafield>
                    <datafield tag="245" ind1="1" ind2="4">
                        <subfield code="a">The law of international conflicts :</subfield>
                        <subfield code="b">force, intervention and peaceful dispute settlement
                            /</subfield>
                        <subfield code="c">Hanspeter Neuhold</subfield>
                    </datafield>
                    <datafield tag="260" ind1=" " ind2=" ">
                        <subfield code="a">Leiden :</subfield>
                        <subfield code="b">Brill Nijhoff,</subfield>
                        <subfield code="c">2015</subfield>
                    </datafield>
                    <datafield tag="490" ind1="1" ind2=" ">
                        <subfield code="a">Collected courses of the Xiamen Academy of International
                            Law</subfield>
                        <subfield code="v">5</subfield>
                    </datafield>
                    <datafield tag="852" ind1="4" ind2=" ">
                        <subfield code="b">BIG</subfield>
                        <subfield code="c">EG</subfield>
                        <subfield code="8">22338929820001791</subfield>
                    </datafield>
                    <datafield tag="949" ind1=" " ind2=" ">
                        <subfield code="a">ITEM3149950</subfield>
                        <subfield code="b">EG</subfield>
                        <subfield code="h">BOOK</subfield>
                        <subfield code="8">23338929810001791</subfield>
                        <subfield code="f">BIG</subfield>
                    </datafield>
                </record>
            </metadata>
        </record>