
        <record>
            <header>
                <identifier>oai:urm_publish:9925842302501791</identifier>
                <datestamp>2015-10-14T22:24:19Z</datestamp>
                <setSpec>OAI_Sbib</setSpec>
            </header>
            <metadata xmlns:xsi="http://www.w3.org/2001/XMLSchema-instance">
                <record xmlns="http://www.loc.gov/MARC21/slim"
                    xmlns:xsi="http://www.w3.org/2001/XMLSchema-instance"
                    xsi:schemaLocation="http://www.loc.gov/MARC21/slim http://www.loc.gov/standards/marcxml/schema/MARC21slim.xsd">
                    <leader>00590dam a2200169 a 4500</leader>
                    <controlfield tag="005">20151014161529.0</controlfield>
                    <controlfield tag="008">141031s2014 gw a||| |||| 000 0 ger d</controlfield>
                    <controlfield tag="001">9925842302501791</controlfield>
                    <datafield tag="019" ind1="1" ind2=" ">
                        <subfield code="a">Achtung: unvollständige Bestellaufnahme! - Attention:
                            notice d'acquisition incomplète!</subfield>
                    </datafield>
                    <datafield tag="020" ind1=" " ind2=" ">
                        <subfield code="a">9783939868309</subfield>
                    </datafield>
                    <datafield tag="035" ind1=" " ind2=" ">
                        <subfield code="a">bv9925842302501791</subfield>
                    </datafield>
                    <datafield tag="040" ind1=" " ind2=" ">
                        <subfield code="a">SzZuIDS NEBIS HEPIA/CFPNE</subfield>
                    </datafield>
                    <datafield tag="100" ind1="1" ind2=" ">
                        <subfield code="a">Henckel, Hella</subfield>
                    </datafield>
                    <datafield tag="245" ind1="1" ind2="0">
                        <subfield code="a">Events floral :</subfield>
                        <subfield code="b">Dekorationen für Feste = Decorations for celebrations
                            /</subfield>
                        <subfield code="c">Hella Henckel</subfield>
                    </datafield>
                    <datafield tag="260" ind1=" " ind2=" ">
                        <subfield code="a">Ratingen :</subfield>
                        <subfield code="b">Bloom's,</subfield>
                        <subfield code="c">2014</subfield>
                    </datafield>
                    <datafield tag="300" ind1=" " ind2=" ">
                        <subfield code="a">176 S. :</subfield>
                        <subfield code="b">Ill.</subfield>
                    </datafield>
                    <datafield tag="999" ind1=" " ind2=" ">
                        <subfield code="a">bib05dex</subfield>
                    </datafield>
                </record>
            </metadata>
        </record>