
        <record>
            <header>
                <identifier>oai:urm_publish:9925842302801791</identifier>
                <datestamp>2015-10-14T22:24:19Z</datestamp>
                <setSpec>OAI_Sbib</setSpec>
            </header>
            <metadata xmlns:xsi="http://www.w3.org/2001/XMLSchema-instance">
                <record xmlns="http://www.loc.gov/MARC21/slim"
                    xmlns:xsi="http://www.w3.org/2001/XMLSchema-instance"
                    xsi:schemaLocation="http://www.loc.gov/MARC21/slim http://www.loc.gov/standards/marcxml/schema/MARC21slim.xsd">
                    <leader>00532dam a2200157 a 4500</leader>
                    <controlfield tag="005">20151014150736.0</controlfield>
                    <controlfield tag="008">151014s2014 xxu ||| |||| 000 0 eng d</controlfield>
                    <controlfield tag="001">9925842302801791</controlfield>
                    <datafield tag="019" ind1="1" ind2=" ">
                        <subfield code="a">Achtung: unvollständige Bestellaufnahme! - Attention:
                            notice d'acquisition incomplète!</subfield>
                    </datafield>
                    <datafield tag="020" ind1=" " ind2=" ">
                        <subfield code="a">9781494295509</subfield>
                    </datafield>
                    <datafield tag="035" ind1=" " ind2=" ">
                        <subfield code="a">bv9925842302801791</subfield>
                    </datafield>
                    <datafield tag="040" ind1=" " ind2=" ">
                        <subfield code="a">BiG</subfield>
                        <subfield code="c">BiG</subfield>
                    </datafield>
                    <datafield tag="100" ind1="1" ind2=" ">
                        <subfield code="a">Clark, Ben</subfield>
                    </datafield>
                    <datafield tag="245" ind1="1" ind2="0">
                        <subfield code="a">Rtfm :</subfield>
                        <subfield code="b">red team field manual /</subfield>
                        <subfield code="c">Ben Clark</subfield>
                    </datafield>
                    <datafield tag="260" ind1=" " ind2=" ">
                        <subfield code="a">[North Charleston] :</subfield>
                        <subfield code="b">CreateSpace Independent Publishing Platform,</subfield>
                        <subfield code="c">2014</subfield>
                    </datafield>
                    <datafield tag="999" ind1=" " ind2=" ">
                        <subfield code="a">bib05dex</subfield>
                    </datafield>
                </record>
            </metadata>
        </record>