
        <record>
            <header>
                <identifier>oai:urm_publish:9925842302901791</identifier>
                <datestamp>2015-10-14T22:24:20Z</datestamp>
                <setSpec>OAI_Sbib</setSpec>
            </header>
            <metadata xmlns:xsi="http://www.w3.org/2001/XMLSchema-instance">
                <record xmlns="http://www.loc.gov/MARC21/slim"
                    xmlns:xsi="http://www.w3.org/2001/XMLSchema-instance"
                    xsi:schemaLocation="http://www.loc.gov/MARC21/slim http://www.loc.gov/standards/marcxml/schema/MARC21slim.xsd">
                    <leader>00890nam a2200217 a 4500</leader>
                    <controlfield tag="005">20151014150823.0</controlfield>
                    <controlfield tag="008">151014s2003 fr a||| ||||i000 0 eng d</controlfield>
                    <controlfield tag="001">9925842302901791</controlfield>
                    <datafield tag="035" ind1=" " ind2=" ">
                        <subfield code="a">bv9925842302901791</subfield>
                    </datafield>
                    <datafield tag="040" ind1=" " ind2=" ">
                        <subfield code="a">BIG</subfield>
                        <subfield code="c">BIG</subfield>
                    </datafield>
                    <datafield tag="245" ind1="0" ind2="0">
                        <subfield code="a">Governance of public research :</subfield>
                        <subfield code="b">toward better practices /</subfield>
                        <subfield code="c">OECD, Organisation for economic co-operation and
                            development</subfield>
                    </datafield>
                    <datafield tag="260" ind1=" " ind2=" ">
                        <subfield code="a">Paris :</subfield>
                        <subfield code="b">OECD,</subfield>
                        <subfield code="c">2003</subfield>
                    </datafield>
                    <datafield tag="300" ind1=" " ind2=" ">
                        <subfield code="a">160 S. :</subfield>
                        <subfield code="b">Ill. ;</subfield>
                        <subfield code="c">30 cm</subfield>
                    </datafield>
                    <datafield tag="504" ind1=" " ind2=" ">
                        <subfield code="a">Literaturverz.</subfield>
                    </datafield>
                    <datafield tag="650" ind1=" " ind2="7">
                        <subfield code="a">Forschungspolitik</subfield>
                        <subfield code="0">(DE-101)041250508</subfield>
                        <subfield code="2">gnd</subfield>
                    </datafield>
                    <datafield tag="650" ind1=" " ind2="7">
                        <subfield code="a">Staatliche Forschung</subfield>
                        <subfield code="0">(DE-101)042313198</subfield>
                        <subfield code="2">gnd</subfield>
                    </datafield>
                    <datafield tag="650" ind1=" " ind2="7">
                        <subfield code="a">Forschungsförderung</subfield>
                        <subfield code="0">(DE-101)041250494</subfield>
                        <subfield code="2">gnd</subfield>
                    </datafield>
                    <datafield tag="650" ind1=" " ind2="7">
                        <subfield code="a">Wissenschaftsorganisation</subfield>
                        <subfield code="0">(DE-101)97431661X</subfield>
                        <subfield code="2">gnd</subfield>
                    </datafield>
                    <datafield tag="650" ind1=" " ind2="7">
                        <subfield code="a">Forschungsfinanzierung</subfield>
                        <subfield code="0">(DE-101)041550447</subfield>
                        <subfield code="2">gnd</subfield>
                    </datafield>
                    <datafield tag="650" ind1=" " ind2="7">
                        <subfield code="a">Politische Steuerung</subfield>
                        <subfield code="0">(DE-101)042124042</subfield>
                        <subfield code="2">gnd</subfield>
                    </datafield>
                    <datafield tag="710" ind1="2" ind2=" ">
                        <subfield code="a">Organisation for Economic Co-operation and
                            Development</subfield>
                    </datafield>
                    <datafield tag="852" ind1="4" ind2=" ">
                        <subfield code="b">BIG</subfield>
                        <subfield code="c">Magazin1</subfield>
                        <subfield code="h">BIG SWTR TB-746</subfield>
                        <subfield code="8">22338937730001791</subfield>
                    </datafield>
                    <datafield tag="949" ind1=" " ind2=" ">
                        <subfield code="a">1950703885</subfield>
                        <subfield code="b">Magazin1</subfield>
                        <subfield code="8">23338937710001791</subfield>
                        <subfield code="f">BIG</subfield>
                        <subfield code="c">BIG SWTR TB-746</subfield>
                    </datafield>
                </record>
            </metadata>
        </record>