
        <record>
            <header>
                <identifier>oai:urm_publish:9925842303201791</identifier>
                <datestamp>2015-10-14T22:24:20Z</datestamp>
                <setSpec>OAI_Sbib</setSpec>
            </header>
            <metadata xmlns:xsi="http://www.w3.org/2001/XMLSchema-instance">
                <record xmlns="http://www.loc.gov/MARC21/slim"
                    xmlns:xsi="http://www.w3.org/2001/XMLSchema-instance"
                    xsi:schemaLocation="http://www.loc.gov/MARC21/slim http://www.loc.gov/standards/marcxml/schema/MARC21slim.xsd">
                    <leader>00568naa a2200181 a 4500</leader>
                    <controlfield tag="005">20151014145613.0</controlfield>
                    <controlfield tag="008">150305s2015 sz |||||||||||||| ||ger||</controlfield>
                    <controlfield tag="001">9925842303201791</controlfield>
                    <datafield tag="035" ind1=" " ind2=" ">
                        <subfield code="a">bv9925842303201791</subfield>
                    </datafield>
                    <datafield tag="040" ind1=" " ind2=" ">
                        <subfield code="a">BiG</subfield>
                        <subfield code="c">BiG</subfield>
                    </datafield>
                    <datafield tag="100" ind1="1" ind2=" ">
                        <subfield code="a">Ribi, Thomas</subfield>
                    </datafield>
                    <datafield tag="245" ind1="1" ind2="0">
                        <subfield code="a">Wenn sie ertönt, gilt es (meist) ernst :</subfield>
                        <subfield code="b">Fischingen /</subfield>
                        <subfield code="c">Thomas Ribi</subfield>
                    </datafield>
                    <datafield tag="260" ind1=" " ind2=" ">
                        <subfield code="c">2015</subfield>
                    </datafield>
                    <datafield tag="650" ind1=" " ind2="7">
                        <subfield code="a">Schlagwort</subfield>
                        <subfield code="2">GND</subfield>
                    </datafield>
                    <datafield tag="773" ind1="0" ind2=" ">
                        <subfield code="s">Wiler Nachrichten</subfield>
                        <subfield code="g">13.08.2015, S. 3</subfield>
                    </datafield>
                    <datafield tag="773" ind1="0" ind2=" ">
                        <subfield code="s">Bevölkerungsschutz : Presse-Revue</subfield>
                        <subfield code="g">Woche 33, 16.08.2015, S. 23-26</subfield>
                    </datafield>
                    <datafield tag="945" ind1=" " ind2=" ">
                        <subfield code="a">YYYY</subfield>
                        <subfield code="b">YYYY</subfield>
                        <subfield code="c">YYYY</subfield>
                        <subfield code="d">YYYY</subfield>
                    </datafield>
                    <datafield tag="999" ind1=" " ind2=" ">
                        <subfield code="a">bib05</subfield>
                        <subfield code="b">2015XX</subfield>
                    </datafield>
                    <datafield tag="852" ind1="8" ind2=" ">
                        <subfield code="b">BIG</subfield>
                        <subfield code="c">Artikel</subfield>
                        <subfield code="h">BIG PP I 556 (33/2015;S.23-)</subfield>
                        <subfield code="8">22338937910001791</subfield>
                    </datafield>
                    <datafield tag="949" ind1=" " ind2=" ">
                        <subfield code="a">ITEM3150013</subfield>
                        <subfield code="b">Artikel</subfield>
                        <subfield code="8">23338937890001791</subfield>
                        <subfield code="f">BIG</subfield>
                        <subfield code="c">BIG PP I 556 (33/2015;S.23-)</subfield>
                    </datafield>
                </record>
            </metadata>
        </record>