
        <record>
            <header>
                <identifier>oai:urm_publish:9925842304001791</identifier>
                <datestamp>2015-10-14T22:24:20Z</datestamp>
                <setSpec>OAI_Sbib</setSpec>
            </header>
            <metadata xmlns:xsi="http://www.w3.org/2001/XMLSchema-instance">
                <record xmlns="http://www.loc.gov/MARC21/slim"
                    xmlns:xsi="http://www.w3.org/2001/XMLSchema-instance"
                    xsi:schemaLocation="http://www.loc.gov/MARC21/slim http://www.loc.gov/standards/marcxml/schema/MARC21slim.xsd">
                    <leader>00990dam a2200253 a 4500</leader>
                    <controlfield tag="005">20151014143527.0</controlfield>
                    <controlfield tag="008">150505s2015 gw a||| |||| 000|0 ger d</controlfield>
                    <controlfield tag="001">9925842304001791</controlfield>
                    <datafield tag="019" ind1="1" ind2=" ">
                        <subfield code="a">Achtung: unvollständige Bestellaufnahme! - Attention:
                            notice d'acquisition incomplète!</subfield>
                    </datafield>
                    <datafield tag="020" ind1=" " ind2=" ">
                        <subfield code="a">9783864902864</subfield>
                    </datafield>
                    <datafield tag="020" ind1=" " ind2=" ">
                        <subfield code="a">386490286X</subfield>
                    </datafield>
                    <datafield tag="035" ind1=" " ind2=" ">
                        <subfield code="a">bv9925842304001791</subfield>
                    </datafield>
                    <datafield tag="040" ind1=" " ind2=" ">
                        <subfield code="a">1245</subfield>
                        <subfield code="b">ger</subfield>
                        <subfield code="c">DE-101</subfield>
                        <subfield code="d">9999</subfield>
                    </datafield>
                    <datafield tag="041" ind1="1" ind2=" ">
                        <subfield code="a">ger</subfield>
                        <subfield code="h">eng</subfield>
                    </datafield>
                    <datafield tag="100" ind1="1" ind2=" ">
                        <subfield code="a">Seitz, Justin</subfield>
                    </datafield>
                    <datafield tag="245" ind1="1" ind2="0">
                        <subfield code="a">Mehr Hacking mit Python :</subfield>
                        <subfield code="b">eigene Tools entwickeln für Hacker und Pentester
                            /</subfield>
                        <subfield code="c">Justin Seitz</subfield>
                    </datafield>
                    <datafield tag="260" ind1=" " ind2=" ">
                        <subfield code="a">Heidelberg :</subfield>
                        <subfield code="b">dpunkt-Verlag,</subfield>
                        <subfield code="c">2015</subfield>
                    </datafield>
                    <datafield tag="300" ind1=" " ind2=" ">
                        <subfield code="a">XI, 170 S. :</subfield>
                        <subfield code="b">Ill. ;</subfield>
                        <subfield code="c">24 cm</subfield>
                    </datafield>
                    <datafield tag="500" ind1=" " ind2=" ">
                        <subfield code="a">Übers. von: Black hat python</subfield>
                    </datafield>
                    <datafield tag="650" ind1=" " ind2="7">
                        <subfield code="0">(DE-588)4113821-1</subfield>
                        <subfield code="0">(DE-101)04113821X</subfield>
                        <subfield code="a">Hacker</subfield>
                        <subfield code="2">gnd</subfield>
                    </datafield>
                    <datafield tag="650" ind1=" " ind2="7">
                        <subfield code="0">(DE-588)4076370-5</subfield>
                        <subfield code="0">(DE-101)040763706</subfield>
                        <subfield code="a">Programmierung</subfield>
                        <subfield code="2">gnd</subfield>
                    </datafield>
                    <datafield tag="650" ind1=" " ind2="7">
                        <subfield code="0">(DE-588)7741095-6</subfield>
                        <subfield code="0">(DE-101)1010851314</subfield>
                        <subfield code="a">Python 2.7</subfield>
                        <subfield code="2">gnd</subfield>
                    </datafield>
                    <datafield tag="700" ind1="1" ind2=" ">
                        <subfield code="a">Seitz, Justin. -</subfield>
                        <subfield code="t">Black hat python</subfield>
                        <subfield code="l">(deutsch)</subfield>
                    </datafield>
                    <datafield tag="999" ind1=" " ind2=" ">
                        <subfield code="a">bib05dex</subfield>
                    </datafield>
                </record>
            </metadata>
        </record>