
        <record>
            <header>
                <identifier>oai:urm_publish:9925842304401791</identifier>
                <datestamp>2015-10-14T22:24:20Z</datestamp>
                <setSpec>OAI_Sbib</setSpec>
            </header>
            <metadata xmlns:xsi="http://www.w3.org/2001/XMLSchema-instance">
                <record xmlns="http://www.loc.gov/MARC21/slim"
                    xmlns:xsi="http://www.w3.org/2001/XMLSchema-instance"
                    xsi:schemaLocation="http://www.loc.gov/MARC21/slim http://www.loc.gov/standards/marcxml/schema/MARC21slim.xsd">
                    <leader>00804nam a2200193 a 4500</leader>
                    <controlfield tag="005">20151014142944.0</controlfield>
                    <controlfield tag="008">151014s1988 xxc ||| ||||s000 0 eng d</controlfield>
                    <controlfield tag="001">9925842304401791</controlfield>
                    <datafield tag="020" ind1=" " ind2=" ">
                        <subfield code="a">2550185129</subfield>
                    </datafield>
                    <datafield tag="040" ind1=" " ind2=" ">
                        <subfield code="a">BIG</subfield>
                        <subfield code="c">BIG</subfield>
                    </datafield>
                    <datafield tag="245" ind1="0" ind2="4">
                        <subfield code="a">Les avantages fiscaux associés aux activités de recherche
                            et de développement :</subfield>
                        <subfield code="b">mémoire /</subfield>
                        <subfield code="c">Conseil de la science et de la technologie</subfield>
                    </datafield>
                    <datafield tag="260" ind1=" " ind2=" ">
                        <subfield code="a">Sainte-Foy (Québec) :</subfield>
                        <subfield code="b">Gouvernement du Quebec,</subfield>
                    </datafield>
                    <datafield tag="300" ind1=" " ind2=" ">
                        <subfield code="a">53 S. ;</subfield>
                        <subfield code="c">28 cm</subfield>
                    </datafield>
                    <datafield tag="650" ind1=" " ind2="7">
                        <subfield code="a">Forschungspolitik</subfield>
                        <subfield code="0">(DE-101)041250508</subfield>
                        <subfield code="2">gnd</subfield>
                    </datafield>
                    <datafield tag="650" ind1=" " ind2="7">
                        <subfield code="a">Finanzwirtschaft</subfield>
                        <subfield code="0">(DE-101)040172147</subfield>
                        <subfield code="2">gnd</subfield>
                    </datafield>
                    <datafield tag="650" ind1=" " ind2="7">
                        <subfield code="a">Forschung und Entwicklung</subfield>
                        <subfield code="0">(DE-101)040178978</subfield>
                        <subfield code="2">gnd</subfield>
                    </datafield>
                    <datafield tag="650" ind1=" " ind2="7">
                        <subfield code="a">Steuervergünstigung</subfield>
                        <subfield code="0">(DE-101)040574768</subfield>
                        <subfield code="2">gnd</subfield>
                    </datafield>
                    <datafield tag="651" ind1=" " ind2="7">
                        <subfield code="a">Kanada</subfield>
                        <subfield code="0">(DE-101)040294560</subfield>
                        <subfield code="2">gnd</subfield>
                    </datafield>
                    <datafield tag="710" ind1="1" ind2=" ">
                        <subfield code="a">Québec.</subfield>
                        <subfield code="b">Conseil de la science et de la technologie</subfield>
                    </datafield>
                    <datafield tag="852" ind1="4" ind2=" ">
                        <subfield code="b">BIG</subfield>
                        <subfield code="c">Magazin1</subfield>
                        <subfield code="h">BIG SWTR TB-745</subfield>
                        <subfield code="8">22338938400001791</subfield>
                    </datafield>
                    <datafield tag="949" ind1=" " ind2=" ">
                        <subfield code="a">1950703884</subfield>
                        <subfield code="b">Magazin1</subfield>
                        <subfield code="8">23338938380001791</subfield>
                        <subfield code="f">BIG</subfield>
                        <subfield code="c">BIG SWTR TB-745</subfield>
                    </datafield>
                </record>
            </metadata>
        </record>