
        <record>
            <header>
                <identifier>oai:urm_publish:9925842304501791</identifier>
                <datestamp>2015-10-14T22:24:20Z</datestamp>
                <setSpec>OAI_Sbib</setSpec>
            </header>
            <metadata xmlns:xsi="http://www.w3.org/2001/XMLSchema-instance">
                <record xmlns="http://www.loc.gov/MARC21/slim"
                    xmlns:xsi="http://www.w3.org/2001/XMLSchema-instance"
                    xsi:schemaLocation="http://www.loc.gov/MARC21/slim http://www.loc.gov/standards/marcxml/schema/MARC21slim.xsd">
                    <leader>00554dam a2200145 a 4500</leader>
                    <controlfield tag="005">20151014141632.0</controlfield>
                    <controlfield tag="008">151014s2015 xxu ||| |||| 000 0 eng d</controlfield>
                    <controlfield tag="001">9925842304501791</controlfield>
                    <datafield tag="019" ind1="1" ind2=" ">
                        <subfield code="a">Achtung: unvollständige Bestellaufnahme! - Attention:
                            notice d'acquisition incomplète!</subfield>
                    </datafield>
                    <datafield tag="020" ind1=" " ind2=" ">
                        <subfield code="a">9781507781388</subfield>
                    </datafield>
                    <datafield tag="035" ind1=" " ind2=" ">
                        <subfield code="a">bv9925842304501791</subfield>
                    </datafield>
                    <datafield tag="040" ind1=" " ind2=" ">
                        <subfield code="a">BiG</subfield>
                        <subfield code="c">BiG</subfield>
                    </datafield>
                    <datafield tag="100" ind1="1" ind2=" ">
                        <subfield code="a">Marsh, Nicholas</subfield>
                    </datafield>
                    <datafield tag="245" ind1="1" ind2="0">
                        <subfield code="a">Nmap 6 cookbook :</subfield>
                        <subfield code="b">the fat free guide to network security scanning
                            /</subfield>
                        <subfield code="c">Nicholas Marsh</subfield>
                    </datafield>
                    <datafield tag="260" ind1=" " ind2=" ">
                        <subfield code="a">[North Charleston] :</subfield>
                        <subfield code="b">CreateSpace Independent Publishing Platform,</subfield>
                        <subfield code="c">2015</subfield>
                    </datafield>
                </record>
            </metadata>
        </record>