
        <record>
            <header>
                <identifier>oai:urm_publish:9925842304601791</identifier>
                <datestamp>2015-10-14T22:24:20Z</datestamp>
                <setSpec>OAI_Sbib</setSpec>
            </header>
            <metadata xmlns:xsi="http://www.w3.org/2001/XMLSchema-instance">
                <record xmlns="http://www.loc.gov/MARC21/slim"
                    xmlns:xsi="http://www.w3.org/2001/XMLSchema-instance"
                    xsi:schemaLocation="http://www.loc.gov/MARC21/slim http://www.loc.gov/standards/marcxml/schema/MARC21slim.xsd">
                    <leader>00585naa a2200181 a 4500</leader>
                    <controlfield tag="005">20151014141200.0</controlfield>
                    <controlfield tag="008">150305s2015 sz |||||||||||||| ||fre||</controlfield>
                    <controlfield tag="001">9925842304601791</controlfield>
                    <datafield tag="035" ind1=" " ind2=" ">
                        <subfield code="a">bv9925842304601791</subfield>
                    </datafield>
                    <datafield tag="040" ind1=" " ind2=" ">
                        <subfield code="a">BiG</subfield>
                        <subfield code="c">BiG</subfield>
                    </datafield>
                    <datafield tag="100" ind1="1" ind2=" ">
                        <subfield code="a">Cancela, Pauline</subfield>
                    </datafield>
                    <datafield tag="245" ind1="1" ind2="0">
                        <subfield code="a">En 1999 déjà, des voix s'élevaient contre les bunkers
                            /</subfield>
                        <subfield code="c">Pauline Cancela</subfield>
                    </datafield>
                    <datafield tag="260" ind1=" " ind2=" ">
                        <subfield code="c">2015</subfield>
                    </datafield>
                    <datafield tag="650" ind1=" " ind2="7">
                        <subfield code="a">Schlagwort</subfield>
                        <subfield code="2">GND</subfield>
                    </datafield>
                    <datafield tag="773" ind1="0" ind2=" ">
                        <subfield code="s">Le Courier</subfield>
                        <subfield code="g">30.07.2015, p. 5</subfield>
                    </datafield>
                    <datafield tag="773" ind1="0" ind2=" ">
                        <subfield code="s">Protection de la population : revue de presse</subfield>
                        <subfield code="g">semaine 31, 02.08.2015, p. 24-27</subfield>
                    </datafield>
                    <datafield tag="945" ind1=" " ind2=" ">
                        <subfield code="a">YYYY</subfield>
                        <subfield code="b">YYYY</subfield>
                        <subfield code="c">YYYY</subfield>
                        <subfield code="d">YYYY</subfield>
                    </datafield>
                    <datafield tag="999" ind1=" " ind2=" ">
                        <subfield code="a">bib05</subfield>
                        <subfield code="b">2015XX</subfield>
                    </datafield>
                    <datafield tag="852" ind1="8" ind2=" ">
                        <subfield code="b">BIG</subfield>
                        <subfield code="c">Artikel</subfield>
                        <subfield code="h">BIG PP I 556 (31/2015;S.24-)</subfield>
                        <subfield code="8">22338938720001791</subfield>
                    </datafield>
                    <datafield tag="949" ind1=" " ind2=" ">
                        <subfield code="a">ITEM3149993</subfield>
                        <subfield code="b">Artikel</subfield>
                        <subfield code="8">23338938690001791</subfield>
                        <subfield code="f">BIG</subfield>
                        <subfield code="c">BIG PP I 556 (31/2015;S.24-)</subfield>
                    </datafield>
                </record>
            </metadata>
        </record>