
        <record>
            <header>
                <identifier>oai:urm_publish:9925842305001791</identifier>
                <datestamp>2015-10-14T22:24:20Z</datestamp>
                <setSpec>OAI_Sbib</setSpec>
            </header>
            <metadata xmlns:xsi="http://www.w3.org/2001/XMLSchema-instance">
                <record xmlns="http://www.loc.gov/MARC21/slim"
                    xmlns:xsi="http://www.w3.org/2001/XMLSchema-instance"
                    xsi:schemaLocation="http://www.loc.gov/MARC21/slim http://www.loc.gov/standards/marcxml/schema/MARC21slim.xsd">
                    <leader>00874nam a2200205 a 4500</leader>
                    <controlfield tag="005">20151014140223.0</controlfield>
                    <controlfield tag="008">151014s1984 gw a||| |||| 000 0 ger d</controlfield>
                    <controlfield tag="001">9925842305001791</controlfield>
                    <datafield tag="035" ind1=" " ind2=" ">
                        <subfield code="a">bv9925842305001791</subfield>
                    </datafield>
                    <datafield tag="040" ind1=" " ind2=" ">
                        <subfield code="a">BIG</subfield>
                        <subfield code="c">BIG</subfield>
                    </datafield>
                    <datafield tag="245" ind1="0" ind2="0">
                        <subfield code="a">Aktive Forschung &amp; Technologie in der Bundesrepublik
                            Deutschland :</subfield>
                        <subfield code="b">Dokumentation / $$ [Red.-Leitung: Wolfgang Fraschka ...
                            et al.]</subfield>
                    </datafield>
                    <datafield tag="260" ind1=" " ind2=" ">
                        <subfield code="a">Neckarzimmern :</subfield>
                        <subfield code="b">Büro für Publizistik-Verlag Günter Fraschka,</subfield>
                        <subfield code="c">1984</subfield>
                    </datafield>
                    <datafield tag="300" ind1=" " ind2=" ">
                        <subfield code="a">192 S. :</subfield>
                        <subfield code="b">Ill. ;</subfield>
                        <subfield code="c">28 cm</subfield>
                    </datafield>
                    <datafield tag="650" ind1=" " ind2="7">
                        <subfield code="a">Wissenschaft</subfield>
                        <subfield code="0">(DE-101)040665623</subfield>
                        <subfield code="2">gnd</subfield>
                    </datafield>
                    <datafield tag="650" ind1=" " ind2="7">
                        <subfield code="a">Forschung und Entwicklung</subfield>
                        <subfield code="0">(DE-101)040178978</subfield>
                        <subfield code="2">gnd</subfield>
                    </datafield>
                    <datafield tag="650" ind1=" " ind2="7">
                        <subfield code="a">Technologie</subfield>
                        <subfield code="0">(DE-101)040592766</subfield>
                        <subfield code="2">gnd</subfield>
                    </datafield>
                    <datafield tag="650" ind1=" " ind2="7">
                        <subfield code="a">Innovation</subfield>
                        <subfield code="0">(DE-101)040270890</subfield>
                        <subfield code="2">gnd</subfield>
                    </datafield>
                    <datafield tag="650" ind1=" " ind2="7">
                        <subfield code="a">Aufsatzsammlung</subfield>
                        <subfield code="0">(DE-101)041434137</subfield>
                        <subfield code="2">gnd</subfield>
                    </datafield>
                    <datafield tag="651" ind1=" " ind2="7">
                        <subfield code="a">Deutschland</subfield>
                        <subfield code="g">Bundesrepublik</subfield>
                        <subfield code="0">(DE-101)040118894</subfield>
                        <subfield code="2">gnd</subfield>
                    </datafield>
                    <datafield tag="700" ind1="1" ind2=" ">
                        <subfield code="a">Fraschka, Wolfgang</subfield>
                    </datafield>
                    <datafield tag="852" ind1="4" ind2=" ">
                        <subfield code="b">BIG</subfield>
                        <subfield code="c">Magazin1</subfield>
                        <subfield code="h">BIG SWTR TB-744</subfield>
                        <subfield code="8">22338939060001791</subfield>
                    </datafield>
                    <datafield tag="949" ind1=" " ind2=" ">
                        <subfield code="a">1950703883</subfield>
                        <subfield code="b">Magazin1</subfield>
                        <subfield code="8">23338939020001791</subfield>
                        <subfield code="f">BIG</subfield>
                        <subfield code="c">BIG SWTR TB-744</subfield>
                    </datafield>
                </record>
            </metadata>
        </record>