
        <record>
            <header>
                <identifier>oai:urm_publish:9925842305101791</identifier>
                <datestamp>2015-10-14T22:24:20Z</datestamp>
                <setSpec>OAI_Sbib</setSpec>
            </header>
            <metadata xmlns:xsi="http://www.w3.org/2001/XMLSchema-instance">
                <record xmlns="http://www.loc.gov/MARC21/slim"
                    xmlns:xsi="http://www.w3.org/2001/XMLSchema-instance"
                    xsi:schemaLocation="http://www.loc.gov/MARC21/slim http://www.loc.gov/standards/marcxml/schema/MARC21slim.xsd">
                    <leader>00597naa a2200193 a 4500</leader>
                    <controlfield tag="005">20151014135708.0</controlfield>
                    <controlfield tag="008">150305s2015 sz |||||||||||||| ||ger||</controlfield>
                    <controlfield tag="001">9925842305101791</controlfield>
                    <datafield tag="035" ind1=" " ind2=" ">
                        <subfield code="a">bv9925842305101791</subfield>
                    </datafield>
                    <datafield tag="040" ind1=" " ind2=" ">
                        <subfield code="a">BiG</subfield>
                        <subfield code="c">BiG</subfield>
                    </datafield>
                    <datafield tag="100" ind1="1" ind2=" ">
                        <subfield code="a">Fäh, Donath</subfield>
                    </datafield>
                    <datafield tag="245" ind1="1" ind2="0">
                        <subfield code="a">"Manche Kantone tun zu wenig" /</subfield>
                        <subfield code="c">mit Donath Fäh sprach Matthias Meili</subfield>
                    </datafield>
                    <datafield tag="260" ind1=" " ind2=" ">
                        <subfield code="c">2015</subfield>
                    </datafield>
                    <datafield tag="650" ind1=" " ind2="7">
                        <subfield code="a">Schlagwort</subfield>
                        <subfield code="2">GND</subfield>
                    </datafield>
                    <datafield tag="700" ind1="1" ind2=" ">
                        <subfield code="a">Meili, Andreas</subfield>
                    </datafield>
                    <datafield tag="773" ind1="0" ind2=" ">
                        <subfield code="s">Tagesanzeige</subfield>
                        <subfield code="g">02.09.2015, S. 40</subfield>
                    </datafield>
                    <datafield tag="773" ind1="0" ind2=" ">
                        <subfield code="s">Bevölkerungsschutz : Presse-Revue</subfield>
                        <subfield code="g">Woche 36, 06.09.2015, S. 40-42</subfield>
                    </datafield>
                    <datafield tag="945" ind1=" " ind2=" ">
                        <subfield code="a">YYYY</subfield>
                        <subfield code="b">YYYY</subfield>
                        <subfield code="c">YYYY</subfield>
                        <subfield code="d">YYYY</subfield>
                    </datafield>
                    <datafield tag="999" ind1=" " ind2=" ">
                        <subfield code="a">bib05</subfield>
                        <subfield code="b">2015XX</subfield>
                    </datafield>
                    <datafield tag="852" ind1="8" ind2=" ">
                        <subfield code="b">BIG</subfield>
                        <subfield code="c">Artikel</subfield>
                        <subfield code="h">BIG PP I 556 (36/2015;S.40-)</subfield>
                        <subfield code="8">22338939200001791</subfield>
                    </datafield>
                    <datafield tag="949" ind1=" " ind2=" ">
                        <subfield code="a">ITEM3149976</subfield>
                        <subfield code="b">Artikel</subfield>
                        <subfield code="8">23338939180001791</subfield>
                        <subfield code="f">BIG</subfield>
                        <subfield code="c">BIG PP I 556 (36/2015;S.40-)</subfield>
                    </datafield>
                </record>
            </metadata>
        </record>