
        <record>
            <header>
                <identifier>oai:urm_publish:9925842305201791</identifier>
                <datestamp>2015-10-14T22:24:20Z</datestamp>
                <setSpec>OAI_Sbib</setSpec>
            </header>
            <metadata xmlns:xsi="http://www.w3.org/2001/XMLSchema-instance">
                <record xmlns="http://www.loc.gov/MARC21/slim"
                    xmlns:xsi="http://www.w3.org/2001/XMLSchema-instance"
                    xsi:schemaLocation="http://www.loc.gov/MARC21/slim http://www.loc.gov/standards/marcxml/schema/MARC21slim.xsd">
                    <leader>01018nam a2200265 a 4500</leader>
                    <controlfield tag="005">20151014134743.0</controlfield>
                    <controlfield tag="008">151014s2004 sz a||| |||| 000 0 ger d</controlfield>
                    <controlfield tag="001">9925842305201791</controlfield>
                    <datafield tag="035" ind1=" " ind2=" ">
                        <subfield code="a">bv9925842305201791</subfield>
                    </datafield>
                    <datafield tag="040" ind1=" " ind2=" ">
                        <subfield code="a">BIG</subfield>
                        <subfield code="c">BIG</subfield>
                    </datafield>
                    <datafield tag="100" ind1="1" ind2=" ">
                        <subfield code="a">Lepori, Benedetto</subfield>
                    </datafield>
                    <datafield tag="245" ind1="1" ind2="3">
                        <subfield code="a">La politique de la recherche en Suisse :</subfield>
                        <subfield code="b">institutions, acteurs et dynamique historique
                            /</subfield>
                        <subfield code="c">par Benedetto Lepori</subfield>
                    </datafield>
                    <datafield tag="260" ind1=" " ind2=" ">
                        <subfield code="a">[S.l.] :</subfield>
                        <subfield code="b">[s.n.],</subfield>
                        <subfield code="c">2004</subfield>
                    </datafield>
                    <datafield tag="300" ind1=" " ind2=" ">
                        <subfield code="a">286 p. :</subfield>
                        <subfield code="b">ill. ;</subfield>
                        <subfield code="c">30 cm</subfield>
                    </datafield>
                    <datafield tag="500" ind1=" " ind2=" ">
                        <subfield code="a">Im Buchh.: Bern, Haupt</subfield>
                    </datafield>
                    <datafield tag="502" ind1=" " ind2=" ">
                        <subfield code="a">Thèse, Università della Svizzera Italiana,
                            2004</subfield>
                    </datafield>
                    <datafield tag="504" ind1=" " ind2=" ">
                        <subfield code="a">Literaturverz.</subfield>
                    </datafield>
                    <datafield tag="650" ind1=" " ind2="7">
                        <subfield code="a">Forschungspolitik</subfield>
                        <subfield code="0">(DE-101)041250508</subfield>
                        <subfield code="2">gnd</subfield>
                    </datafield>
                    <datafield tag="650" ind1=" " ind2="7">
                        <subfield code="a">Geschichte</subfield>
                        <subfield code="0">(DE-101)040205177</subfield>
                        <subfield code="2">gnd</subfield>
                    </datafield>
                    <datafield tag="650" ind1=" " ind2="7">
                        <subfield code="a">Forschungseinrichtung</subfield>
                        <subfield code="0">(DE-101)040179095</subfield>
                        <subfield code="2">gnd</subfield>
                    </datafield>
                    <datafield tag="650" ind1=" " ind2="7">
                        <subfield code="a">Wissenschaftsorganisation</subfield>
                        <subfield code="0">(DE-101)97431661X</subfield>
                        <subfield code="2">gnd</subfield>
                    </datafield>
                    <datafield tag="650" ind1=" " ind2="7">
                        <subfield code="a">Forschungsförderung</subfield>
                        <subfield code="0">(DE-101)041250494</subfield>
                        <subfield code="2">gnd</subfield>
                    </datafield>
                    <datafield tag="650" ind1=" " ind2="7">
                        <subfield code="a">Forschungsfinanzierung</subfield>
                        <subfield code="0">(DE-101)041550447</subfield>
                        <subfield code="2">gnd</subfield>
                    </datafield>
                    <datafield tag="651" ind1=" " ind2="7">
                        <subfield code="a">Schweiz</subfield>
                        <subfield code="0">(DE-101)040538818</subfield>
                        <subfield code="2">gnd</subfield>
                    </datafield>
                    <datafield tag="945" ind1=" " ind2=" ">
                        <subfield code="a">1944</subfield>
                        <subfield code="b">1999</subfield>
                    </datafield>
                    <datafield tag="852" ind1="4" ind2=" ">
                        <subfield code="b">BIG</subfield>
                        <subfield code="c">Magazin1</subfield>
                        <subfield code="h">BIG SWTR TB-743</subfield>
                        <subfield code="8">22338939280001791</subfield>
                    </datafield>
                    <datafield tag="949" ind1=" " ind2=" ">
                        <subfield code="a">1950703882</subfield>
                        <subfield code="b">Magazin1</subfield>
                        <subfield code="8">23338939250001791</subfield>
                        <subfield code="f">BIG</subfield>
                        <subfield code="c">BIG SWTR TB-743</subfield>
                    </datafield>
                </record>
            </metadata>
        </record>