
        <record>
            <header>
                <identifier>oai:urm_publish:9925842305301791</identifier>
                <datestamp>2015-10-14T22:24:20Z</datestamp>
                <setSpec>OAI_Sbib</setSpec>
            </header>
            <metadata xmlns:xsi="http://www.w3.org/2001/XMLSchema-instance">
                <record xmlns="http://www.loc.gov/MARC21/slim"
                    xmlns:xsi="http://www.w3.org/2001/XMLSchema-instance"
                    xsi:schemaLocation="http://www.loc.gov/MARC21/slim http://www.loc.gov/standards/marcxml/schema/MARC21slim.xsd">
                    <leader>00949nam a2200229 a 4500</leader>
                    <controlfield tag="005">20151014133120.0</controlfield>
                    <controlfield tag="008">151014s1993 sz ||| |||| 000 0 ger d</controlfield>
                    <controlfield tag="001">9925842305301791</controlfield>
                    <datafield tag="035" ind1=" " ind2=" ">
                        <subfield code="a">bv9925842305301791</subfield>
                    </datafield>
                    <datafield tag="040" ind1=" " ind2=" ">
                        <subfield code="a">BIG</subfield>
                        <subfield code="c">BIG</subfield>
                    </datafield>
                    <datafield tag="245" ind1="0" ind2="0">
                        <subfield code="a">WF, Werkstofforschung :</subfield>
                        <subfield code="b">Kurzbeschreibung der Projekte : Startprogramm 1992-1995
                            /</subfield>
                        <subfield code="c">Schwerpunktprogramm des Rates der Eidgenössischen
                            Technischen Hochschulen</subfield>
                    </datafield>
                    <datafield tag="260" ind1=" " ind2=" ">
                        <subfield code="a">[s.l.] :</subfield>
                        <subfield code="b">[s.n.],</subfield>
                        <subfield code="c">1993</subfield>
                    </datafield>
                    <datafield tag="300" ind1=" " ind2=" ">
                        <subfield code="a">VIII, 64, A9 S. ;</subfield>
                        <subfield code="c">21 cm</subfield>
                    </datafield>
                    <datafield tag="650" ind1=" " ind2="7">
                        <subfield code="a">Forschungsprogramm</subfield>
                        <subfield code="0">(DE-101)041550528</subfield>
                        <subfield code="2">gnd</subfield>
                    </datafield>
                    <datafield tag="650" ind1=" " ind2="7">
                        <subfield code="a">Werkstoffkunde</subfield>
                        <subfield code="0">(DE-101)04079184X</subfield>
                        <subfield code="2">gnd</subfield>
                    </datafield>
                    <datafield tag="650" ind1=" " ind2="7">
                        <subfield code="a">Technik</subfield>
                        <subfield code="0">(DE-101)040592057</subfield>
                        <subfield code="2">gnd</subfield>
                    </datafield>
                    <datafield tag="650" ind1=" " ind2="7">
                        <subfield code="a">Industrie</subfield>
                        <subfield code="0">(DE-101)040267792</subfield>
                        <subfield code="2">gnd</subfield>
                    </datafield>
                    <datafield tag="650" ind1=" " ind2="7">
                        <subfield code="a">Werkstoff</subfield>
                        <subfield code="0">(DE-101)040655792</subfield>
                        <subfield code="2">gnd</subfield>
                    </datafield>
                    <datafield tag="650" ind1=" " ind2="7">
                        <subfield code="a">Forschungsprojekt</subfield>
                        <subfield code="0">(DE-101)041550536</subfield>
                        <subfield code="2">gnd</subfield>
                    </datafield>
                    <datafield tag="650" ind1=" " ind2="7">
                        <subfield code="a">Aufsatzsammlung</subfield>
                        <subfield code="0">(DE-101)041434137</subfield>
                        <subfield code="2">gnd</subfield>
                    </datafield>
                    <datafield tag="710" ind1="2" ind2=" ">
                        <subfield code="a">Rat der Eidgenössischen Technischen
                            Hochschulen</subfield>
                    </datafield>
                    <datafield tag="710" ind1="2" ind2=" ">
                        <subfield code="a">Priority Program on Materials Research</subfield>
                    </datafield>
                    <datafield tag="852" ind1="4" ind2=" ">
                        <subfield code="b">BIG</subfield>
                        <subfield code="c">Magazin1</subfield>
                        <subfield code="h">BIG SWTR TB-742</subfield>
                        <subfield code="8">22338939310001791</subfield>
                    </datafield>
                    <datafield tag="949" ind1=" " ind2=" ">
                        <subfield code="a">1950703881</subfield>
                        <subfield code="b">Magazin1</subfield>
                        <subfield code="8">23338939290001791</subfield>
                        <subfield code="f">BIG</subfield>
                        <subfield code="c">BIG SWTR TB-742</subfield>
                    </datafield>
                </record>
            </metadata>
        </record>