
        <record>
            <header>
                <identifier>oai:urm_publish:9925842305401791</identifier>
                <datestamp>2015-10-14T22:24:20Z</datestamp>
                <setSpec>OAI_Sbib</setSpec>
            </header>
            <metadata xmlns:xsi="http://www.w3.org/2001/XMLSchema-instance">
                <record xmlns="http://www.loc.gov/MARC21/slim"
                    xmlns:xsi="http://www.w3.org/2001/XMLSchema-instance"
                    xsi:schemaLocation="http://www.loc.gov/MARC21/slim http://www.loc.gov/standards/marcxml/schema/MARC21slim.xsd">
                    <leader>01004nam a2200217 a 4500</leader>
                    <controlfield tag="005">20151014130914.0</controlfield>
                    <controlfield tag="008">151014s1990 sz ||| |||| 000 0 fre d</controlfield>
                    <controlfield tag="001">9925842305401791</controlfield>
                    <datafield tag="035" ind1=" " ind2=" ">
                        <subfield code="a">bv9925842305401791</subfield>
                    </datafield>
                    <datafield tag="040" ind1=" " ind2=" ">
                        <subfield code="a">BIG</subfield>
                        <subfield code="c">BIG</subfield>
                    </datafield>
                    <datafield tag="100" ind1="1" ind2=" ">
                        <subfield code="a">Wiedmer, Laurence</subfield>
                    </datafield>
                    <datafield tag="245" ind1="1" ind2="4">
                        <subfield code="a">Les organisations européennes de recherche scientifique
                            et technique :</subfield>
                        <subfield code="b">leurs relations avec les pays de l'europe centrale et
                            orientale : étude préliminaire /</subfield>
                        <subfield code="c">Laurence Wiedmer ; [éd.:] Office fédéral de l'éducation
                            et de la science</subfield>
                    </datafield>
                    <datafield tag="260" ind1=" " ind2=" ">
                        <subfield code="a">[Berne] :</subfield>
                        <subfield code="b">Office fédéral de l'éducation et de la
                            science,</subfield>
                        <subfield code="c">1990</subfield>
                    </datafield>
                    <datafield tag="300" ind1=" " ind2=" ">
                        <subfield code="a">26 p. ;</subfield>
                        <subfield code="c">30 cm</subfield>
                    </datafield>
                    <datafield tag="650" ind1=" " ind2="7">
                        <subfield code="a">Forschung</subfield>
                        <subfield code="0">(DE-101)040178943</subfield>
                        <subfield code="2">gnd</subfield>
                    </datafield>
                    <datafield tag="650" ind1=" " ind2="7">
                        <subfield code="a">Technik</subfield>
                        <subfield code="0">(DE-101)040592057</subfield>
                        <subfield code="2">gnd</subfield>
                    </datafield>
                    <datafield tag="650" ind1=" " ind2="7">
                        <subfield code="a">Forschungseinrichtung</subfield>
                        <subfield code="0">(DE-101)040179095</subfield>
                        <subfield code="2">gnd</subfield>
                    </datafield>
                    <datafield tag="650" ind1=" " ind2="7">
                        <subfield code="a">Internationale Kooperation</subfield>
                        <subfield code="0">(DE-101)041205030</subfield>
                        <subfield code="2">gnd</subfield>
                    </datafield>
                    <datafield tag="651" ind1=" " ind2="7">
                        <subfield code="a">Mitteleuropa</subfield>
                        <subfield code="0">(DE-101)040396770</subfield>
                        <subfield code="2">gnd</subfield>
                    </datafield>
                    <datafield tag="651" ind1=" " ind2="7">
                        <subfield code="a">Osteuropa</subfield>
                        <subfield code="0">(DE-101)040757390</subfield>
                        <subfield code="2">gnd</subfield>
                    </datafield>
                    <datafield tag="710" ind1="2" ind2=" ">
                        <subfield code="a">Schweiz.</subfield>
                        <subfield code="b">Bundesamt für Bildung und Wissenschaft</subfield>
                    </datafield>
                    <datafield tag="852" ind1="4" ind2=" ">
                        <subfield code="b">BIG</subfield>
                        <subfield code="c">Magazin1</subfield>
                        <subfield code="h">BIG SWTR TB-740</subfield>
                        <subfield code="8">22338939430001791</subfield>
                    </datafield>
                    <datafield tag="949" ind1=" " ind2=" ">
                        <subfield code="a">1950703879</subfield>
                        <subfield code="b">Magazin1</subfield>
                        <subfield code="8">23338939380001791</subfield>
                        <subfield code="f">BIG</subfield>
                        <subfield code="c">BIG SWTR TB-740</subfield>
                    </datafield>
                </record>
            </metadata>
        </record>