
        <record>
            <header>
                <identifier>oai:urm_publish:9925842305801791</identifier>
                <datestamp>2015-10-14T22:24:20Z</datestamp>
                <setSpec>OAI_Sbib</setSpec>
            </header>
            <metadata xmlns:xsi="http://www.w3.org/2001/XMLSchema-instance">
                <record xmlns="http://www.loc.gov/MARC21/slim"
                    xmlns:xsi="http://www.w3.org/2001/XMLSchema-instance"
                    xsi:schemaLocation="http://www.loc.gov/MARC21/slim http://www.loc.gov/standards/marcxml/schema/MARC21slim.xsd">
                    <leader>00933nam a2200217 a 4500</leader>
                    <controlfield tag="005">20151014102851.0</controlfield>
                    <controlfield tag="008">151014s1986 sz ||| |||| 000 0 ger d</controlfield>
                    <controlfield tag="001">9925842305801791</controlfield>
                    <datafield tag="035" ind1=" " ind2=" ">
                        <subfield code="a">bv9925842305801791</subfield>
                    </datafield>
                    <datafield tag="040" ind1=" " ind2=" ">
                        <subfield code="a">BIG</subfield>
                        <subfield code="c">BIG</subfield>
                    </datafield>
                    <datafield tag="245" ind1="0" ind2="0">
                        <subfield code="a">Index schweizerischer Stiftungen und Fonds für
                            Forschungsbeiträge, Stipendien und Preise auf dem Gebiet von Medizin und
                            Biologie /</subfield>
                        <subfield code="c">Schweizerische Akademie der medizinischen
                            Wissenschaften</subfield>
                    </datafield>
                    <datafield tag="260" ind1=" " ind2=" ">
                        <subfield code="a">[S.l.] :</subfield>
                        <subfield code="b">[s.n.],</subfield>
                        <subfield code="c">1986</subfield>
                    </datafield>
                    <datafield tag="300" ind1=" " ind2=" ">
                        <subfield code="a">1 Ordner ;</subfield>
                        <subfield code="c">32 cm</subfield>
                    </datafield>
                    <datafield tag="650" ind1=" " ind2="7">
                        <subfield code="a">Medizin</subfield>
                        <subfield code="0">(DE-101)040382435</subfield>
                        <subfield code="2">gnd</subfield>
                    </datafield>
                    <datafield tag="650" ind1=" " ind2="7">
                        <subfield code="a">Biologie</subfield>
                        <subfield code="0">(DE-101)04006851X</subfield>
                        <subfield code="2">gnd</subfield>
                    </datafield>
                    <datafield tag="650" ind1=" " ind2="7">
                        <subfield code="a">Forschungseinrichtung</subfield>
                        <subfield code="0">(DE-101)040179095</subfield>
                        <subfield code="2">gnd</subfield>
                    </datafield>
                    <datafield tag="650" ind1=" " ind2="7">
                        <subfield code="a">Stiftung</subfield>
                        <subfield code="0">(DE-101)04057542X</subfield>
                        <subfield code="2">gnd</subfield>
                    </datafield>
                    <datafield tag="650" ind1=" " ind2="7">
                        <subfield code="a">Forschungsförderung</subfield>
                        <subfield code="0">(DE-101)041250494</subfield>
                        <subfield code="2">gnd</subfield>
                    </datafield>
                    <datafield tag="650" ind1=" " ind2="7">
                        <subfield code="a">Verzeichnis</subfield>
                        <subfield code="0">(DE-101)041881710</subfield>
                        <subfield code="2">gnd</subfield>
                    </datafield>
                    <datafield tag="651" ind1=" " ind2="7">
                        <subfield code="a">Schweiz</subfield>
                        <subfield code="0">(DE-101)040538818</subfield>
                        <subfield code="2">gnd</subfield>
                    </datafield>
                    <datafield tag="710" ind1="2" ind2=" ">
                        <subfield code="a">Schweizerische Akademie der Medizinischen
                            Wissenschaften</subfield>
                    </datafield>
                    <datafield tag="852" ind1="4" ind2=" ">
                        <subfield code="b">BIG</subfield>
                        <subfield code="c">Magazin1</subfield>
                        <subfield code="h">BIG SWTR TB-738</subfield>
                        <subfield code="8">22338939740001791</subfield>
                    </datafield>
                    <datafield tag="949" ind1=" " ind2=" ">
                        <subfield code="a">1950703877</subfield>
                        <subfield code="b">Magazin1</subfield>
                        <subfield code="8">23338939720001791</subfield>
                        <subfield code="f">BIG</subfield>
                        <subfield code="c">BIG SWTR TB-738</subfield>
                    </datafield>
                </record>
            </metadata>
        </record>