
        <record>
            <header>
                <identifier>oai:urm_publish:9925842306001791</identifier>
                <datestamp>2015-10-14T22:24:20Z</datestamp>
                <setSpec>OAI_Sbib</setSpec>
            </header>
            <metadata xmlns:xsi="http://www.w3.org/2001/XMLSchema-instance">
                <record xmlns="http://www.loc.gov/MARC21/slim"
                    xmlns:xsi="http://www.w3.org/2001/XMLSchema-instance"
                    xsi:schemaLocation="http://www.loc.gov/MARC21/slim http://www.loc.gov/standards/marcxml/schema/MARC21slim.xsd">
                    <leader>00876nam a2200229 a 4500</leader>
                    <controlfield tag="005">20151014123921.0</controlfield>
                    <controlfield tag="008">151014s1997 sz a||| |||| 000 0 eng d</controlfield>
                    <controlfield tag="001">9925842306001791</controlfield>
                    <datafield tag="035" ind1=" " ind2=" ">
                        <subfield code="a">bv9925842306001791</subfield>
                    </datafield>
                    <datafield tag="040" ind1=" " ind2=" ">
                        <subfield code="a">BIG</subfield>
                        <subfield code="c">BIG</subfield>
                    </datafield>
                    <datafield tag="245" ind1="0" ind2="0">
                        <subfield code="a">Higher Education in Switzerland</subfield>
                    </datafield>
                    <datafield tag="260" ind1=" " ind2=" ">
                        <subfield code="a">Berne :</subfield>
                        <subfield code="b">Verlag Vision,</subfield>
                        <subfield code="c">1997</subfield>
                    </datafield>
                    <datafield tag="300" ind1=" " ind2=" ">
                        <subfield code="a">88 S. :</subfield>
                        <subfield code="b">Ill. ;</subfield>
                        <subfield code="c">30 cm</subfield>
                    </datafield>
                    <datafield tag="650" ind1=" " ind2="7">
                        <subfield code="a">Bildungspolitik</subfield>
                        <subfield code="0">(DE-101)040066673</subfield>
                        <subfield code="2">gnd</subfield>
                    </datafield>
                    <datafield tag="650" ind1=" " ind2="7">
                        <subfield code="a">Bildungssystem</subfield>
                        <subfield code="0">(DE-101)040694674</subfield>
                        <subfield code="2">gnd</subfield>
                    </datafield>
                    <datafield tag="650" ind1=" " ind2="7">
                        <subfield code="a">Hochschulbildung</subfield>
                        <subfield code="0">(DE-101)04160198X</subfield>
                        <subfield code="2">gnd</subfield>
                    </datafield>
                    <datafield tag="650" ind1=" " ind2="7">
                        <subfield code="a">Hochschulpolitik</subfield>
                        <subfield code="0">(DE-101)041139364</subfield>
                        <subfield code="2">gnd</subfield>
                    </datafield>
                    <datafield tag="650" ind1=" " ind2="7">
                        <subfield code="a">Wissenschaft</subfield>
                        <subfield code="2">gnd</subfield>
                    </datafield>
                    <datafield tag="650" ind1=" " ind2="7">
                        <subfield code="a">Universität</subfield>
                        <subfield code="0">(DE-101)040617785</subfield>
                        <subfield code="2">gnd</subfield>
                    </datafield>
                    <datafield tag="650" ind1=" " ind2="7">
                        <subfield code="a">Technische Universität</subfield>
                        <subfield code="0">(DE-101)04132417X</subfield>
                        <subfield code="2">gnd</subfield>
                    </datafield>
                    <datafield tag="651" ind1=" " ind2="7">
                        <subfield code="a">Schweiz</subfield>
                        <subfield code="0">(DE-101)040538818</subfield>
                        <subfield code="2">gnd</subfield>
                    </datafield>
                    <datafield tag="787" ind1="0" ind2=" ">
                        <subfield code="i">Special issue to:</subfield>
                        <subfield code="t">Vision - science and innovation made in
                            Switzerland</subfield>
                        <subfield code="g">[Nr. 4] Dec. (1997)</subfield>
                    </datafield>
                    <datafield tag="852" ind1="4" ind2=" ">
                        <subfield code="b">BIG</subfield>
                        <subfield code="c">Magazin1</subfield>
                        <subfield code="h">BIG SWTR TB-736</subfield>
                        <subfield code="8">22338939910001791</subfield>
                    </datafield>
                    <datafield tag="949" ind1=" " ind2=" ">
                        <subfield code="a">1950703875</subfield>
                        <subfield code="b">Magazin1</subfield>
                        <subfield code="8">23338939890001791</subfield>
                        <subfield code="f">BIG</subfield>
                        <subfield code="c">BIG SWTR TB-736</subfield>
                    </datafield>
                </record>
            </metadata>
        </record>