
        <record>
            <header>
                <identifier>oai:urm_publish:9925842306101791</identifier>
                <datestamp>2015-10-14T22:24:20Z</datestamp>
                <setSpec>OAI_Sbib</setSpec>
            </header>
            <metadata xmlns:xsi="http://www.w3.org/2001/XMLSchema-instance">
                <record xmlns="http://www.loc.gov/MARC21/slim"
                    xmlns:xsi="http://www.w3.org/2001/XMLSchema-instance"
                    xsi:schemaLocation="http://www.loc.gov/MARC21/slim http://www.loc.gov/standards/marcxml/schema/MARC21slim.xsd">
                    <leader>01283nam a2200253 a 4500</leader>
                    <controlfield tag="005">20151014094545.0</controlfield>
                    <controlfield tag="008">151014s2002 gw a||| |||| 100 0 ger d</controlfield>
                    <controlfield tag="001">9925842306101791</controlfield>
                    <datafield tag="020" ind1=" " ind2=" ">
                        <subfield code="a">3932013050</subfield>
                    </datafield>
                    <datafield tag="035" ind1=" " ind2=" ">
                        <subfield code="a">bv9925842306101791</subfield>
                    </datafield>
                    <datafield tag="040" ind1=" " ind2=" ">
                        <subfield code="a">BIG</subfield>
                        <subfield code="c">BIG</subfield>
                    </datafield>
                    <datafield tag="111" ind1="2" ind2=" ">
                        <subfield code="a">Kongress "Die Zukunft des Menschen"</subfield>
                        <subfield code="d">(2002 :</subfield>
                        <subfield code="c">Stuttgart, Deutschland)</subfield>
                    </datafield>
                    <datafield tag="245" ind1="1" ind2="0">
                        <subfield code="a">Dokumentation /</subfield>
                        <subfield code="c">Kongress "Die Zukunft des Menschen", 8./9. Juli 2002,
                            Stuttgart ; [Hrsg.:] Akademie für Technikfolgenabschätzung in
                            Baden-Württemberg ... [et al.]</subfield>
                    </datafield>
                    <datafield tag="260" ind1=" " ind2=" ">
                        <subfield code="a">Stuttgart :</subfield>
                        <subfield code="b">Akademie für Technikfolgenabschätzung in BAden
                            Württemberg,</subfield>
                        <subfield code="c">2002</subfield>
                    </datafield>
                    <datafield tag="300" ind1=" " ind2=" ">
                        <subfield code="a">96 S. :</subfield>
                        <subfield code="b">Ill. ;</subfield>
                        <subfield code="c">29 cm</subfield>
                    </datafield>
                    <datafield tag="500" ind1=" " ind2=" ">
                        <subfield code="a">Am Kopf des Titelbl.: 10 Jahre Akademie für
                            Technikfolgenabschätzung in Baden-Württemberg, 1992-2002</subfield>
                    </datafield>
                    <datafield tag="650" ind1=" " ind2="7">
                        <subfield code="a">Wissenschaftlich-technischer Fortschritt</subfield>
                        <subfield code="0">(DE-101)041325087</subfield>
                        <subfield code="2">gnd</subfield>
                    </datafield>
                    <datafield tag="650" ind1=" " ind2="7">
                        <subfield code="a">Technischer Fortschritt</subfield>
                        <subfield code="0">(DE-101)040592529</subfield>
                        <subfield code="2">gnd</subfield>
                    </datafield>
                    <datafield tag="650" ind1=" " ind2="7">
                        <subfield code="a">Innovation</subfield>
                        <subfield code="0">(DE-101)040270890</subfield>
                        <subfield code="2">gnd</subfield>
                    </datafield>
                    <datafield tag="650" ind1=" " ind2="7">
                        <subfield code="a">Wirtschaft</subfield>
                        <subfield code="0">(DE-101)04066399X</subfield>
                        <subfield code="2">gnd</subfield>
                    </datafield>
                    <datafield tag="650" ind1=" " ind2="7">
                        <subfield code="a">Mensch</subfield>
                        <subfield code="0">(DE-101)040386392</subfield>
                        <subfield code="2">gnd</subfield>
                    </datafield>
                    <datafield tag="650" ind1=" " ind2="7">
                        <subfield code="a">Verantwortung</subfield>
                        <subfield code="0">(DE-101)040625478</subfield>
                        <subfield code="2">gnd</subfield>
                    </datafield>
                    <datafield tag="710" ind1="2" ind2=" ">
                        <subfield code="a">Akademie für Technikfolgenabschätzung in
                            Baden-Württemberg</subfield>
                    </datafield>
                    <datafield tag="711" ind1="2" ind2=" ">
                        <subfield code="a">Kongress</subfield>
                        <subfield code="d">(2002 :</subfield>
                        <subfield code="c">Stuttgart, Deutschland)</subfield>
                    </datafield>
                    <datafield tag="852" ind1="4" ind2=" ">
                        <subfield code="b">BIG</subfield>
                        <subfield code="c">Magazin1</subfield>
                        <subfield code="h">BIG SWTR TB-735</subfield>
                        <subfield code="8">22338939970001791</subfield>
                    </datafield>
                    <datafield tag="949" ind1=" " ind2=" ">
                        <subfield code="a">1950703874</subfield>
                        <subfield code="b">Magazin1</subfield>
                        <subfield code="8">23338939950001791</subfield>
                        <subfield code="f">BIG</subfield>
                        <subfield code="c">BIG SWTR TB-735</subfield>
                    </datafield>
                </record>
            </metadata>
        </record>