
        <record>
            <header>
                <identifier>oai:urm_publish:9914970634101791</identifier>
                <datestamp>2015-10-14T22:24:22Z</datestamp>
                <setSpec>OAI_Sbib</setSpec>
            </header>
            <metadata xmlns:xsi="http://www.w3.org/2001/XMLSchema-instance">
                <record xmlns="http://www.loc.gov/MARC21/slim"
                    xmlns:xsi="http://www.w3.org/2001/XMLSchema-instance"
                    xsi:schemaLocation="http://www.loc.gov/MARC21/slim http://www.loc.gov/standards/marcxml/schema/MARC21slim.xsd">
                    <leader>01572nam a2200337 a 4500</leader>
                    <controlfield tag="005">20151014131635.0</controlfield>
                    <controlfield tag="008">131110s2005 sz a 000 0 fre d</controlfield>
                    <controlfield tag="001">9914970634101791</controlfield>
                    <datafield tag="035" ind1=" " ind2=" ">
                        <subfield code="a">vtls001497063-41big_inst</subfield>
                    </datafield>
                    <datafield tag="035" ind1=" " ind2=" ">
                        <subfield code="a">bv001497063</subfield>
                    </datafield>
                    <datafield tag="039" ind1=" " ind2="9">
                        <subfield code="a">201308281612</subfield>
                        <subfield code="b">kalbfs</subfield>
                        <subfield code="y">201308281557</subfield>
                        <subfield code="z">kalbfs</subfield>
                    </datafield>
                    <datafield tag="040" ind1=" " ind2=" ">
                        <subfield code="a">Sz</subfield>
                        <subfield code="c">Sz</subfield>
                    </datafield>
                    <datafield tag="100" ind1="1" ind2=" ">
                        <subfield code="a">Benninghoff, Martin</subfield>
                    </datafield>
                    <datafield tag="245" ind1="1" ind2="2">
                        <subfield code="a">L'efficacité des mesures de financement dans le domaine
                            de la formation, de la recherche et de la technologie :</subfield>
                        <subfield code="b">perspectives européennes comparées et leçons pour la
                            Suisse /</subfield>
                        <subfield code="c">Martin Benninghoff, Perellon Juan-Francisco Perellon,
                            Jean-Philippe Leresche ; éd.: Jean-Philippe Leresche ... [et
                            al.]</subfield>
                    </datafield>
                    <datafield tag="260" ind1=" " ind2=" ">
                        <subfield code="a">Ecublens :</subfield>
                        <subfield code="b">Observatoire science, politique et société, Université de
                            Lausanne,</subfield>
                        <subfield code="c">2005</subfield>
                    </datafield>
                    <datafield tag="300" ind1=" " ind2=" ">
                        <subfield code="a">113 p. :</subfield>
                        <subfield code="b">ill. ;</subfield>
                        <subfield code="c">30 cm</subfield>
                    </datafield>
                    <datafield tag="490" ind1="1" ind2=" ">
                        <subfield code="a">Les cahiers de l'Observatoire</subfield>
                        <subfield code="v">no 12(2005)</subfield>
                    </datafield>
                    <datafield tag="504" ind1=" " ind2=" ">
                        <subfield code="a">Bibliogr.</subfield>
                    </datafield>
                    <datafield tag="650" ind1=" " ind2="7">
                        <subfield code="a">Bildungspolitik</subfield>
                        <subfield code="0">(DE-101)040066673</subfield>
                        <subfield code="2">gnd</subfield>
                    </datafield>
                    <datafield tag="650" ind1=" " ind2="7">
                        <subfield code="a">Forschungspolitik</subfield>
                        <subfield code="0">(DE-101)041250508</subfield>
                        <subfield code="2">gnd</subfield>
                    </datafield>
                    <datafield tag="650" ind1=" " ind2="7">
                        <subfield code="a">Bildungswesen</subfield>
                        <subfield code="0">(DE-101)040066819</subfield>
                        <subfield code="2">gnd</subfield>
                    </datafield>
                    <datafield tag="650" ind1=" " ind2="7">
                        <subfield code="a">Forschung und Entwicklung</subfield>
                        <subfield code="0">(DE-101)040178978</subfield>
                        <subfield code="2">gnd</subfield>
                    </datafield>
                    <datafield tag="650" ind1=" " ind2="7">
                        <subfield code="a">Technologie</subfield>
                        <subfield code="0">(DE-101)040592766</subfield>
                        <subfield code="2">gnd</subfield>
                    </datafield>
                    <datafield tag="650" ind1=" " ind2="7">
                        <subfield code="a">Finanzierung</subfield>
                        <subfield code="0">(DE-101)040171825</subfield>
                        <subfield code="2">gnd</subfield>
                    </datafield>
                    <datafield tag="650" ind1=" " ind2="7">
                        <subfield code="a">Internationaler Vergleich</subfield>
                        <subfield code="0">(DE-101)04120509X</subfield>
                        <subfield code="2">gnd</subfield>
                    </datafield>
                    <datafield tag="651" ind1=" " ind2="7">
                        <subfield code="a">Schweiz</subfield>
                        <subfield code="0">(DE-101)040538818</subfield>
                        <subfield code="2">gnd</subfield>
                    </datafield>
                    <datafield tag="700" ind1="1" ind2=" ">
                        <subfield code="a">Perellon, Juan-Francisco</subfield>
                    </datafield>
                    <datafield tag="700" ind1="1" ind2=" ">
                        <subfield code="a">Leresche, Jean-Philippe</subfield>
                    </datafield>
                    <datafield tag="710" ind1="2" ind2=" ">
                        <subfield code="a">Université de Lausanne.</subfield>
                        <subfield code="b">Observatoire science, politique et société</subfield>
                    </datafield>
                    <datafield tag="830" ind1=" " ind2="4">
                        <subfield code="a">Les cahiers de l'Observatoire</subfield>
                        <subfield code="v">12</subfield>
                    </datafield>
                    <datafield tag="999" ind1=" " ind2=" ">
                        <subfield code="a">kat11</subfield>
                        <subfield code="b">201308</subfield>
                    </datafield>
                    <datafield tag="852" ind1="#" ind2=" ">
                        <subfield code="b">BFS</subfield>
                        <subfield code="c">Archiv</subfield>
                        <subfield code="h">BFS 10100 93 33 000000 0013</subfield>
                        <subfield code="8">22310363040001791</subfield>
                    </datafield>
                    <datafield tag="852" ind1="4" ind2=" ">
                        <subfield code="b">BIG</subfield>
                        <subfield code="c">Magazin1</subfield>
                        <subfield code="h">BIG SWTR TB-741</subfield>
                        <subfield code="8">22338939330001791</subfield>
                    </datafield>
                    <datafield tag="949" ind1=" " ind2=" ">
                        <subfield code="a">ITEM2164705</subfield>
                        <subfield code="b">Archiv</subfield>
                        <subfield code="h">BOOK</subfield>
                        <subfield code="8">23310363020001791</subfield>
                        <subfield code="f">BFS</subfield>
                        <subfield code="c">BFS 10100 93 33 000000 0013</subfield>
                    </datafield>
                    <datafield tag="949" ind1=" " ind2=" ">
                        <subfield code="a">1950703880</subfield>
                        <subfield code="b">Magazin1</subfield>
                        <subfield code="8">23338939320001791</subfield>
                        <subfield code="f">BIG</subfield>
                        <subfield code="c">BIG SWTR TB-741</subfield>
                    </datafield>
                </record>
            </metadata>
        </record>