
        <record>
            <header>
                <identifier>oai:urm_publish:999630904101791</identifier>
                <datestamp>2015-10-14T22:24:22Z</datestamp>
                <setSpec>OAI_Sbib</setSpec>
            </header>
            <metadata xmlns:xsi="http://www.w3.org/2001/XMLSchema-instance">
                <record xmlns="http://www.loc.gov/MARC21/slim"
                    xmlns:xsi="http://www.w3.org/2001/XMLSchema-instance"
                    xsi:schemaLocation="http://www.loc.gov/MARC21/slim http://www.loc.gov/standards/marcxml/schema/MARC21slim.xsd">
                    <leader>01147nam a22003012a 4500</leader>
                    <controlfield tag="005">20151014141803.0</controlfield>
                    <controlfield tag="008">131110s1974 sz 000 0 ger d</controlfield>
                    <controlfield tag="001">999630904101791</controlfield>
                    <datafield tag="020" ind1=" " ind2=" ">
                        <subfield code="a">3857438274</subfield>
                    </datafield>
                    <datafield tag="035" ind1=" " ind2=" ">
                        <subfield code="a">vtls000963090-41big_inst</subfield>
                    </datafield>
                    <datafield tag="035" ind1=" " ind2=" ">
                        <subfield code="a">bv000963090</subfield>
                    </datafield>
                    <datafield tag="039" ind1=" " ind2="9">
                        <subfield code="a">201212061418</subfield>
                        <subfield code="b">afabig</subfield>
                        <subfield code="c">201105211727</subfield>
                        <subfield code="d">VLOAD</subfield>
                        <subfield code="c">200701141219</subfield>
                        <subfield code="d">VLOAD</subfield>
                        <subfield code="c">200512100448</subfield>
                        <subfield code="d">VLOAD</subfield>
                        <subfield code="y">200512100448</subfield>
                        <subfield code="z">VLOAD</subfield>
                    </datafield>
                    <datafield tag="040" ind1=" " ind2=" ">
                        <subfield code="a">VBS</subfield>
                        <subfield code="c">SWS</subfield>
                        <subfield code="d">AlCoda</subfield>
                    </datafield>
                    <datafield tag="100" ind1="1" ind2=" ">
                        <subfield code="a">Zogg, Andreas</subfield>
                    </datafield>
                    <datafield tag="245" ind1="1" ind2="0">
                        <subfield code="a">Systemorientiertes Projekt-Management /</subfield>
                        <subfield code="c">Andreas Zogg</subfield>
                    </datafield>
                    <datafield tag="260" ind1=" " ind2=" ">
                        <subfield code="a">Zürich :</subfield>
                        <subfield code="b">Verlag Industrielle Organisation,</subfield>
                        <subfield code="c">1974</subfield>
                    </datafield>
                    <datafield tag="300" ind1=" " ind2=" ">
                        <subfield code="a">313 S. ;</subfield>
                        <subfield code="c">22 cm</subfield>
                    </datafield>
                    <datafield tag="490" ind1="1" ind2=" ">
                        <subfield code="a">Forschungsbericht für die Unternehmungspraxis</subfield>
                        <subfield code="v">Bd. 2</subfield>
                    </datafield>
                    <datafield tag="500" ind1=" " ind2=" ">
                        <subfield code="a">65.012, 001.8</subfield>
                        <subfield code="5">[VBS]</subfield>
                    </datafield>
                    <datafield tag="650" ind1=" " ind2="7">
                        <subfield code="a">Systemorientierte Betriebswirtschaftslehre</subfield>
                        <subfield code="0">(DE-101)940119226</subfield>
                        <subfield code="2">gnd</subfield>
                    </datafield>
                    <datafield tag="650" ind1=" " ind2="7">
                        <subfield code="a">Projektmanagement</subfield>
                        <subfield code="0">(DE-101)040474410</subfield>
                        <subfield code="2">gnd</subfield>
                    </datafield>
                    <datafield tag="650" ind1=" " ind2="7">
                        <subfield code="a">Forschungsergebnis</subfield>
                        <subfield code="0">(DE-101)041361040</subfield>
                        <subfield code="2">gnd</subfield>
                    </datafield>
                    <datafield tag="650" ind1=" " ind2="7">
                        <subfield code="a">Management</subfield>
                        <subfield code="2">[midonas]</subfield>
                    </datafield>
                    <datafield tag="650" ind1=" " ind2="7">
                        <subfield code="a">Projekt</subfield>
                        <subfield code="2">[midonas]</subfield>
                    </datafield>
                    <datafield tag="650" ind1=" " ind2="7">
                        <subfield code="a">Methodik</subfield>
                        <subfield code="2">[midonas]</subfield>
                    </datafield>
                    <datafield tag="650" ind1=" " ind2="7">
                        <subfield code="a">Systemanalyse</subfield>
                        <subfield code="2">[midonas]</subfield>
                    </datafield>
                    <datafield tag="830" ind1=" " ind2="0">
                        <subfield code="a">Forschungsbericht für die Unternehmungspraxis</subfield>
                        <subfield code="v">2</subfield>
                    </datafield>
                    <datafield tag="945" ind1=" " ind2=" ">
                        <subfield code="a">1974</subfield>
                    </datafield>
                    <datafield tag="852" ind1="#" ind2=" ">
                        <subfield code="b">BIG</subfield>
                        <subfield code="c">Magazin1</subfield>
                        <subfield code="h">BIG VTG 821 65 1970 HART</subfield>
                        <subfield code="8">22311773430001791</subfield>
                    </datafield>
                    <datafield tag="852" ind1="#" ind2=" ">
                        <subfield code="b">RUAG-A</subfield>
                        <subfield code="c">Bibliothek</subfield>
                        <subfield code="h">RUAG-A B 3522 STO-D-RGG</subfield>
                        <subfield code="8">22311773400001791</subfield>
                    </datafield>
                    <datafield tag="949" ind1=" " ind2=" ">
                        <subfield code="a">ITEM1249377</subfield>
                        <subfield code="b">Bibliothek</subfield>
                        <subfield code="h">BOOK</subfield>
                        <subfield code="8">23311773390001791</subfield>
                        <subfield code="f">RUAG-A</subfield>
                        <subfield code="c">RUAG-A B 3522 STO-D-RGG</subfield>
                    </datafield>
                    <datafield tag="949" ind1=" " ind2=" ">
                        <subfield code="a">ITEM1249376</subfield>
                        <subfield code="b">Magazin1</subfield>
                        <subfield code="h">BOOK</subfield>
                        <subfield code="8">23311773410001791</subfield>
                        <subfield code="f">BIG</subfield>
                        <subfield code="c">BIG VTG 821 65 1970 HART</subfield>
                    </datafield>
                </record>
            </metadata>
        </record>