
        <record>
            <header>
                <identifier>oai:urm_publish:998888634101791</identifier>
                <datestamp>2015-10-14T22:24:22Z</datestamp>
                <setSpec>OAI_Sbib</setSpec>
            </header>
            <metadata xmlns:xsi="http://www.w3.org/2001/XMLSchema-instance">
                <record xmlns="http://www.loc.gov/MARC21/slim"
                    xmlns:xsi="http://www.w3.org/2001/XMLSchema-instance"
                    xsi:schemaLocation="http://www.loc.gov/MARC21/slim http://www.loc.gov/standards/marcxml/schema/MARC21slim.xsd">
                    <leader>01259nam a2200349 a 4500</leader>
                    <controlfield tag="005">20151014162806.0</controlfield>
                    <controlfield tag="008">131110s2004 fr a 000 1dfre d</controlfield>
                    <controlfield tag="001">998888634101791</controlfield>
                    <datafield tag="020" ind1=" " ind2=" ">
                        <subfield code="a">207077094X :</subfield>
                        <subfield code="c">EUR 29.50</subfield>
                    </datafield>
                    <datafield tag="035" ind1=" " ind2=" ">
                        <subfield code="a">vtls000888863-41big_inst</subfield>
                    </datafield>
                    <datafield tag="035" ind1=" " ind2=" ">
                        <subfield code="a">bv000888863</subfield>
                    </datafield>
                    <datafield tag="039" ind1=" " ind2="9">
                        <subfield code="a">201309241601</subfield>
                        <subfield code="b">afabig</subfield>
                        <subfield code="c">201307191719</subfield>
                        <subfield code="d">afabig</subfield>
                        <subfield code="c">201102251948</subfield>
                        <subfield code="d">VLOAD</subfield>
                        <subfield code="c">201102241948</subfield>
                        <subfield code="d">VLOAD</subfield>
                        <subfield code="y">200412091013</subfield>
                        <subfield code="z">fstpsch</subfield>
                    </datafield>
                    <datafield tag="040" ind1=" " ind2=" ">
                        <subfield code="a">SLB</subfield>
                        <subfield code="c">SLB</subfield>
                    </datafield>
                    <datafield tag="100" ind1="1" ind2=" ">
                        <subfield code="a">Bouvier, Nicolas</subfield>
                    </datafield>
                    <datafield tag="245" ind1="1" ind2="0">
                        <subfield code="a">Oeuvres /</subfield>
                        <subfield code="c">Nicolas Bouvier ; publ. sous la dir. d'Éliane Bouvier
                            avec la collab. de Pierre Starobinski ; préf. de Christine
                            Jordis</subfield>
                    </datafield>
                    <datafield tag="260" ind1=" " ind2=" ">
                        <subfield code="a">Paris :</subfield>
                        <subfield code="b">Gallimard,</subfield>
                        <subfield code="c">2004</subfield>
                    </datafield>
                    <datafield tag="300" ind1=" " ind2=" ">
                        <subfield code="a">1417 p. :</subfield>
                        <subfield code="b">ill. ;</subfield>
                        <subfield code="c">21 cm</subfield>
                    </datafield>
                    <datafield tag="490" ind1="1" ind2=" ">
                        <subfield code="a">Quarto</subfield>
                    </datafield>
                    <datafield tag="504" ind1=" " ind2=" ">
                        <subfield code="a">Vie et oeuvre de Nicolas Bouvier: p. 1391-1408</subfield>
                    </datafield>
                    <datafield tag="650" ind1=" " ind2="7">
                        <subfield code="a">Urlaub</subfield>
                        <subfield code="0">(DE-101)040621375</subfield>
                        <subfield code="2">GND</subfield>
                    </datafield>
                    <datafield tag="650" ind1=" " ind2="7">
                        <subfield code="a">Literatur</subfield>
                        <subfield code="0">(DE-101)040359646</subfield>
                        <subfield code="2">GND</subfield>
                    </datafield>
                    <datafield tag="650" ind1=" " ind2="7">
                        <subfield code="a">Alter</subfield>
                        <subfield code="0">(DE-101)040014460</subfield>
                        <subfield code="2">GND</subfield>
                    </datafield>
                    <datafield tag="650" ind1=" " ind2="7">
                        <subfield code="a">Lebenslauf</subfield>
                        <subfield code="0">(DE-101)040348695</subfield>
                        <subfield code="2">GND</subfield>
                    </datafield>
                    <datafield tag="650" ind1=" " ind2="7">
                        <subfield code="a">Reise</subfield>
                        <subfield code="0">(DE-101)040492753</subfield>
                        <subfield code="2">GND</subfield>
                    </datafield>
                    <datafield tag="700" ind1="1" ind2=" ">
                        <subfield code="a">Bouvier, Eliane</subfield>
                    </datafield>
                    <datafield tag="700" ind1="1" ind2=" ">
                        <subfield code="a">Starobinski, Pierre</subfield>
                    </datafield>
                    <datafield tag="700" ind1="1" ind2=" ">
                        <subfield code="a">Jordis, Christine</subfield>
                    </datafield>
                    <datafield tag="730" ind1="0" ind2=" ">
                        <subfield code="a">[Bibliographie.</subfield>
                        <subfield code="g">Bouvier, Nicolas.]</subfield>
                    </datafield>
                    <datafield tag="830" ind1=" " ind2="0">
                        <subfield code="a">Quarto</subfield>
                    </datafield>
                    <datafield tag="999" ind1=" " ind2=" ">
                        <subfield code="a">zm42</subfield>
                        <subfield code="b">200501</subfield>
                        <subfield code="c">13</subfield>
                    </datafield>
                    <datafield tag="999" ind1=" " ind2=" ">
                        <subfield code="a">zm42w</subfield>
                        <subfield code="b">2004w50</subfield>
                    </datafield>
                    <datafield tag="999" ind1=" " ind2=" ">
                        <subfield code="a">zm42f</subfield>
                        <subfield code="c">001</subfield>
                    </datafield>
                    <datafield tag="852" ind1="#" ind2=" ">
                        <subfield code="b">PSCH</subfield>
                        <subfield code="c">Archiv</subfield>
                        <subfield code="h">PSCH 70.1.125</subfield>
                        <subfield code="8">22314271360001791</subfield>
                    </datafield>
                    <datafield tag="949" ind1=" " ind2=" ">
                        <subfield code="a">1950417824</subfield>
                        <subfield code="b">Archiv</subfield>
                        <subfield code="h">BOOK</subfield>
                        <subfield code="8">23314271300001791</subfield>
                        <subfield code="f">PSCH</subfield>
                        <subfield code="c">PSCH 70.1.125</subfield>
                    </datafield>
                </record>
            </metadata>
        </record>