
        <record>
            <header>
                <identifier>oai:urm_publish:9914178564101791</identifier>
                <datestamp>2015-10-14T22:24:22Z</datestamp>
                <setSpec>OAI_Sbib</setSpec>
            </header>
            <metadata xmlns:xsi="http://www.w3.org/2001/XMLSchema-instance">
                <record xmlns="http://www.loc.gov/MARC21/slim"
                    xmlns:xsi="http://www.w3.org/2001/XMLSchema-instance"
                    xsi:schemaLocation="http://www.loc.gov/MARC21/slim http://www.loc.gov/standards/marcxml/schema/MARC21slim.xsd">
                    <leader>01675nem a2200337 a 4500</leader>
                    <controlfield tag="005">20151014190237.0</controlfield>
                    <controlfield tag="008">131110s2009 sz abg a f 0 ger d</controlfield>
                    <controlfield tag="001">9914178564101791</controlfield>
                    <datafield tag="020" ind1=" " ind2=" ">
                        <subfield code="z">9783302302365</subfield>
                    </datafield>
                    <datafield tag="034" ind1="1" ind2=" ">
                        <subfield code="a">a</subfield>
                        <subfield code="b">50000</subfield>
                        <subfield code="d">E0082529</subfield>
                        <subfield code="e">E0090519</subfield>
                        <subfield code="f">N0471300</subfield>
                        <subfield code="g">N0465936</subfield>
                    </datafield>
                    <datafield tag="035" ind1=" " ind2=" ">
                        <subfield code="a">vtls001417856-41big_inst</subfield>
                    </datafield>
                    <datafield tag="035" ind1=" " ind2=" ">
                        <subfield code="a">bv001417856</subfield>
                    </datafield>
                    <datafield tag="039" ind1=" " ind2="9">
                        <subfield code="a">201211210928</subfield>
                        <subfield code="b">sbrlt</subfield>
                        <subfield code="c">201211210928</subfield>
                        <subfield code="d">sbrlt</subfield>
                        <subfield code="c">201105172322</subfield>
                        <subfield code="d">VLOAD</subfield>
                        <subfield code="c">200911261106</subfield>
                        <subfield code="d">sbrlt</subfield>
                        <subfield code="y">200911241306</subfield>
                        <subfield code="z">sbrlt</subfield>
                    </datafield>
                    <datafield tag="040" ind1=" " ind2=" ">
                        <subfield code="a">LT</subfield>
                        <subfield code="c">LT</subfield>
                    </datafield>
                    <datafield tag="245" ind1="0" ind2="0">
                        <subfield code="a">Lachen</subfield>
                        <subfield code="h">[Kartenmaterial] :</subfield>
                        <subfield code="b">Rigi - Ybrig - Glärnisch /</subfield>
                        <subfield code="c">Red.: Martin Maier</subfield>
                    </datafield>
                    <datafield tag="246" ind1="1" ind2=" ">
                        <subfield code="i">Falttitel:</subfield>
                        <subfield code="a">Skitourenkarte Lachen</subfield>
                        <subfield code="h">[Kartenmaterial]</subfield>
                    </datafield>
                    <datafield tag="250" ind1=" " ind2=" ">
                        <subfield code="a">Routen und Schutzgebiete 2009, [Ausg.] 2009</subfield>
                    </datafield>
                    <datafield tag="255" ind1=" " ind2=" ">
                        <subfield code="a">1:50 000 ;</subfield>
                        <subfield code="b">winkeltreue schiefachsige Zylinderprojektion</subfield>
                        <subfield code="c">(E 8°25'29"--E 9°05'19"/N 47°13'00"--N
                            46°59'36")</subfield>
                    </datafield>
                    <datafield tag="260" ind1=" " ind2=" ">
                        <subfield code="a">Wabern :</subfield>
                        <subfield code="b">Bundesamt für Landestopografie swisstopo,</subfield>
                        <subfield code="c">2009</subfield>
                    </datafield>
                    <datafield tag="300" ind1=" " ind2=" ">
                        <subfield code="a">1 Karte :</subfield>
                        <subfield code="b">mehrfarbig ;</subfield>
                        <subfield code="c">48 x 70 cm, gef. 19 x 13 cm</subfield>
                    </datafield>
                    <datafield tag="490" ind1="1" ind2=" ">
                        <subfield code="a">Landeskarte der Schweiz 1:50 000 Ski- und
                            Snowboardrouten</subfield>
                        <subfield code="v">Bl. 236 S</subfield>
                    </datafield>
                    <datafield tag="500" ind1=" " ind2=" ">
                        <subfield code="a">Autobuslinien und Haltestellen: Offizielles Kursbuch
                            2009</subfield>
                    </datafield>
                    <datafield tag="500" ind1=" " ind2=" ">
                        <subfield code="a">Rückseite: Verzeichnis der Skirouten, Hüttenliste,
                            weitere touristische Informationen</subfield>
                    </datafield>
                    <datafield tag="500" ind1=" " ind2=" ">
                        <subfield code="a">Karte auf Rückseite: Ausschnitt aus Bl. 235 Rotkreuz 1:50
                            000</subfield>
                    </datafield>
                    <datafield tag="500" ind1=" " ind2=" ">
                        <subfield code="a">Kartengrundlage: Gesamtnachführung 2007, Einzelnachträge
                            2008</subfield>
                    </datafield>
                    <datafield tag="595" ind1=" " ind2=" ">
                        <subfield code="d">675 000</subfield>
                        <subfield code="e">725 000</subfield>
                        <subfield code="f">230 000</subfield>
                        <subfield code="g">206 000</subfield>
                    </datafield>
                    <datafield tag="700" ind1=" " ind2=" ">
                        <subfield code="a">Maier, Martin</subfield>
                    </datafield>
                    <datafield tag="710" ind1="1" ind2=" ">
                        <subfield code="a">Schweiz.</subfield>
                        <subfield code="b">Bundesamt für Landestopografie</subfield>
                    </datafield>
                    <datafield tag="830" ind1=" " ind2="0">
                        <subfield code="a">Landeskarte der Schweiz 1:50 000 mit Skirouten</subfield>
                        <subfield code="h">[Kartenmaterial]</subfield>
                        <subfield code="v">236 S,2009</subfield>
                    </datafield>
                    <datafield tag="990" ind1=" " ind2=" ">
                        <subfield code="a">bv80032739</subfield>
                    </datafield>
                    <datafield tag="999" ind1=" " ind2=" ">
                        <subfield code="a">kat40</subfield>
                    </datafield>
                    <datafield tag="852" ind1="#" ind2=" ">
                        <subfield code="b">LT</subfield>
                        <subfield code="c">Planokarte</subfield>
                        <subfield code="h">LT LK 236 S,2009</subfield>
                        <subfield code="8">22321193520001791</subfield>
                    </datafield>
                    <datafield tag="852" ind1="#" ind2=" ">
                        <subfield code="b">LT</subfield>
                        <subfield code="c">Faltkarten</subfield>
                        <subfield code="h">LT LK 236 S,2009</subfield>
                        <subfield code="8">22321193540001791</subfield>
                    </datafield>
                    <datafield tag="949" ind1=" " ind2=" ">
                        <subfield code="a">ITEM1996186</subfield>
                        <subfield code="b">Planokarte</subfield>
                        <subfield code="h">MAP</subfield>
                        <subfield code="8">23321193510001791</subfield>
                        <subfield code="g">Public note: plano</subfield>
                        <subfield code="f">LT</subfield>
                        <subfield code="c">LT LK 236 S,2009</subfield>
                    </datafield>
                    <datafield tag="949" ind1=" " ind2=" ">
                        <subfield code="a">ITEM1995782</subfield>
                        <subfield code="b">Faltkarten</subfield>
                        <subfield code="h">MAP</subfield>
                        <subfield code="8">23321193530001791</subfield>
                        <subfield code="f">LT</subfield>
                        <subfield code="c">LT LK 236 S,2009</subfield>
                    </datafield>
                </record>
            </metadata>
        </record>