
        <record>
            <header>
                <identifier>oai:urm_publish:99912204101791</identifier>
                <datestamp>2015-10-14T22:24:22Z</datestamp>
                <setSpec>OAI_Sbib</setSpec>
            </header>
            <metadata xmlns:xsi="http://www.w3.org/2001/XMLSchema-instance">
                <record xmlns="http://www.loc.gov/MARC21/slim"
                    xmlns:xsi="http://www.w3.org/2001/XMLSchema-instance"
                    xsi:schemaLocation="http://www.loc.gov/MARC21/slim http://www.loc.gov/standards/marcxml/schema/MARC21slim.xsd">
                    <leader>01426nam a2200313 i 4500</leader>
                    <controlfield tag="005">20150127115605.0</controlfield>
                    <controlfield tag="008">131110s1997 sz 001 0 ger d</controlfield>
                    <controlfield tag="001">99912204101791</controlfield>
                    <datafield tag="020" ind1=" " ind2=" ">
                        <subfield code="a">3727296666</subfield>
                    </datafield>
                    <datafield tag="035" ind1=" " ind2=" ">
                        <subfield code="a">vtls000091220-41big_inst</subfield>
                    </datafield>
                    <datafield tag="035" ind1=" " ind2=" ">
                        <subfield code="a">bv00589715</subfield>
                    </datafield>
                    <datafield tag="039" ind1=" " ind2=" ">
                        <subfield code="a">23877</subfield>
                        <subfield code="b">01-64</subfield>
                        <subfield code="b">12-67</subfield>
                        <subfield code="b">39-131</subfield>
                        <subfield code="b">99-123</subfield>
                        <subfield code="b">98-137</subfield>
                        <subfield code="b">98-11</subfield>
                        <subfield code="b">43-165</subfield>
                        <subfield code="b">19-135</subfield>
                        <subfield code="b">01-96</subfield>
                    </datafield>
                    <datafield tag="039" ind1=" " ind2="9">
                        <subfield code="a">201302201031</subfield>
                        <subfield code="b">afabig</subfield>
                        <subfield code="c">201210221201</subfield>
                        <subfield code="d">hbabig</subfield>
                        <subfield code="c">201207120759</subfield>
                        <subfield code="d">prbig</subfield>
                        <subfield code="c">201105140702</subfield>
                        <subfield code="d">VLOAD</subfield>
                        <subfield code="y">200305291124</subfield>
                        <subfield code="z">load0096</subfield>
                    </datafield>
                    <datafield tag="040" ind1=" " ind2=" ">
                        <subfield code="a">TFL</subfield>
                        <subfield code="c">SAZ</subfield>
                    </datafield>
                    <datafield tag="100" ind1="2" ind2=" ">
                        <subfield code="a">Schwarzenbach-Hanhart, Hans Rudolf</subfield>
                    </datafield>
                    <datafield tag="245" ind1="1" ind2="0">
                        <subfield code="a">Grundriss des allgemeinen Verwaltungsrechts :</subfield>
                        <subfield code="b">eine Einführung für Studierende und für die Praxis
                            /</subfield>
                        <subfield code="c">Hans Rudolf Schwarzenbach-Hanhart</subfield>
                    </datafield>
                    <datafield tag="250" ind1=" " ind2=" ">
                        <subfield code="a">11., erw. und nachgef. Aufl.</subfield>
                    </datafield>
                    <datafield tag="260" ind1=" " ind2=" ">
                        <subfield code="a">Bern :</subfield>
                        <subfield code="b">Stämpfli,</subfield>
                        <subfield code="c">1997</subfield>
                    </datafield>
                    <datafield tag="300" ind1=" " ind2=" ">
                        <subfield code="b">Ill.</subfield>
                        <subfield code="a">345 S. ;</subfield>
                        <subfield code="c">23 cm</subfield>
                    </datafield>
                    <datafield tag="504" ind1=" " ind2=" ">
                        <subfield code="a">Literaturverz. S. 319-333</subfield>
                    </datafield>
                    <datafield tag="520" ind1="0" ind2="8">
                        <subfield code="a">Die Neuauflage enthält u.a. folgende neuen Ansätze und
                            Regelungen : New Public Management und allgemeines Verwaltungsrecht ;
                            Submissionsrecht ; Europaverträglichkeit des schweizerischen allgemeinen
                            Verwaltungsrechts</subfield>
                    </datafield>
                    <datafield tag="520" ind1="0" ind2="8">
                        <subfield code="a">19910000</subfield>
                    </datafield>
                    <datafield tag="650" ind1=" " ind2="7">
                        <subfield code="a">Staatsorganisation und Verwaltung</subfield>
                        <subfield code="2">[jurivoc]</subfield>
                    </datafield>
                    <datafield tag="650" ind1=" " ind2="7">
                        <subfield code="a">Bundesrecht</subfield>
                        <subfield code="2">[jurivoc]</subfield>
                    </datafield>
                    <datafield tag="650" ind1=" " ind2="7">
                        <subfield code="a">Grundlagenwerk</subfield>
                        <subfield code="2">[jurivoc]</subfield>
                    </datafield>
                    <datafield tag="650" ind1=" " ind2="7">
                        <subfield code="a">Verwaltungsrecht</subfield>
                        <subfield code="2">[midonas]</subfield>
                    </datafield>
                    <datafield tag="651" ind1=" " ind2="7">
                        <subfield code="a">Schweiz</subfield>
                        <subfield code="2">[jurivoc]</subfield>
                    </datafield>
                    <datafield tag="651" ind1=" " ind2="7">
                        <subfield code="a">Schweiz</subfield>
                        <subfield code="2">[midonas]</subfield>
                    </datafield>
                    <datafield tag="900" ind1="2" ind2=" ">
                        <subfield code="a">Schwarzenbach-Hanhart, Hans Rudolf</subfield>
                    </datafield>
                    <datafield tag="852" ind1="#" ind2=" ">
                        <subfield code="b">BIG</subfield>
                        <subfield code="c">Magazin1</subfield>
                        <subfield code="h"> BIG ASTRA R 12.97</subfield>
                        <subfield code="8">22334921460001791</subfield>
                    </datafield>
                    <datafield tag="852" ind1="#" ind2=" ">
                        <subfield code="b">BWO</subfield>
                        <subfield code="c">JuristBib</subfield>
                        <subfield code="h">BWO 120-6</subfield>
                        <subfield code="8">22329085860001791</subfield>
                    </datafield>
                    <datafield tag="852" ind1="#" ind2=" ">
                        <subfield code="b">IGE</subfield>
                        <subfield code="c">Bibliothek</subfield>
                        <subfield code="h">IGE C-4/8</subfield>
                        <subfield code="8">22329085900001791</subfield>
                    </datafield>
                    <datafield tag="852" ind1="#" ind2=" ">
                        <subfield code="b">BIG</subfield>
                        <subfield code="c">Magazin1</subfield>
                        <subfield code="h">BIG R 857</subfield>
                        <subfield code="8">22329085970001791</subfield>
                    </datafield>
                    <datafield tag="852" ind1="#" ind2=" ">
                        <subfield code="b">BIG</subfield>
                        <subfield code="c">Magazin1</subfield>
                        <subfield code="h"> BIG BFM RS 176</subfield>
                        <subfield code="8">22335458680001791</subfield>
                    </datafield>
                    <datafield tag="949" ind1=" " ind2=" ">
                        <subfield code="a">1950376924</subfield>
                        <subfield code="b">Magazin1</subfield>
                        <subfield code="h">BOOK</subfield>
                        <subfield code="8">23329085800001791</subfield>
                        <subfield code="f">BIG</subfield>
                        <subfield code="c">BIG BFM RS 176</subfield>
                    </datafield>
                    <datafield tag="949" ind1=" " ind2=" ">
                        <subfield code="a">1988920514</subfield>
                        <subfield code="b">Magazin1</subfield>
                        <subfield code="h">BOOK</subfield>
                        <subfield code="8">23329085920001791</subfield>
                        <subfield code="f">BIG</subfield>
                        <subfield code="c">BIG ASTRA R 12.97</subfield>
                    </datafield>
                    <datafield tag="949" ind1=" " ind2=" ">
                        <subfield code="a">ITEM1548222</subfield>
                        <subfield code="b">Magazin1</subfield>
                        <subfield code="h">BOOK</subfield>
                        <subfield code="8">23329085960001791</subfield>
                        <subfield code="f">BIG</subfield>
                        <subfield code="c">BIG R 857</subfield>
                    </datafield>
                    <datafield tag="949" ind1=" " ind2=" ">
                        <subfield code="a">1950053838</subfield>
                        <subfield code="b">JuristBib</subfield>
                        <subfield code="h">BOOK</subfield>
                        <subfield code="8">23329085840001791</subfield>
                        <subfield code="f">BWO</subfield>
                        <subfield code="c">BWO 120-6</subfield>
                    </datafield>
                    <datafield tag="949" ind1=" " ind2=" ">
                        <subfield code="a">1950710269</subfield>
                        <subfield code="b">Bibliothek</subfield>
                        <subfield code="h">BOOK</subfield>
                        <subfield code="8">23329085880001791</subfield>
                        <subfield code="f">IGE</subfield>
                        <subfield code="c">IGE C-4/8</subfield>
                    </datafield>
                </record>
            </metadata>
        </record>