
        <record>
            <header>
                <identifier>oai:urm_publish:992260134101791</identifier>
                <datestamp>2015-10-14T22:24:22Z</datestamp>
                <setSpec>OAI_Sbib</setSpec>
            </header>
            <metadata xmlns:xsi="http://www.w3.org/2001/XMLSchema-instance">
                <record xmlns="http://www.loc.gov/MARC21/slim"
                    xmlns:xsi="http://www.w3.org/2001/XMLSchema-instance"
                    xsi:schemaLocation="http://www.loc.gov/MARC21/slim http://www.loc.gov/standards/marcxml/schema/MARC21slim.xsd">
                    <leader>05448nas a2200853 a 4500</leader>
                    <controlfield tag="005">20150127125745.0</controlfield>
                    <controlfield tag="008">131110c19209999sz wr p f0 b0ger d</controlfield>
                    <controlfield tag="001">992260134101791</controlfield>
                    <datafield tag="022" ind1="0" ind2=" ">
                        <subfield code="a">1420-2476</subfield>
                    </datafield>
                    <datafield tag="035" ind1=" " ind2=" ">
                        <subfield code="a">vtls000226013-41big_inst</subfield>
                    </datafield>
                    <datafield tag="035" ind1=" " ind2=" ">
                        <subfield code="a">bv80003906</subfield>
                    </datafield>
                    <datafield tag="039" ind1=" " ind2=" ">
                        <subfield code="b">39</subfield>
                        <subfield code="b">46</subfield>
                        <subfield code="b">18</subfield>
                        <subfield code="b">39</subfield>
                        <subfield code="b">01-02</subfield>
                        <subfield code="b">98-87</subfield>
                        <subfield code="b">01-98</subfield>
                        <subfield code="b">32-138</subfield>
                        <subfield code="b">10-17</subfield>
                        <subfield code="b">01-183</subfield>
                    </datafield>
                    <datafield tag="039" ind1=" " ind2="9">
                        <subfield code="a">201304121624</subfield>
                        <subfield code="b">afabig</subfield>
                        <subfield code="c">201302271757</subfield>
                        <subfield code="d">afabig</subfield>
                        <subfield code="c">201302271433</subfield>
                        <subfield code="d">afabig</subfield>
                        <subfield code="c">201302211030</subfield>
                        <subfield code="d">afabig</subfield>
                        <subfield code="y">200305291141</subfield>
                        <subfield code="z">load0002</subfield>
                    </datafield>
                    <datafield tag="040" ind1=" " ind2=" ">
                        <subfield code="a">SLB</subfield>
                        <subfield code="c">SLB</subfield>
                        <subfield code="d">TFL</subfield>
                    </datafield>
                    <datafield tag="245" ind1="0" ind2="0">
                        <subfield code="a">Bundesblatt</subfield>
                        <subfield code="h">[Periodicum]</subfield>
                    </datafield>
                    <datafield tag="246" ind1="1" ind2="4">
                        <subfield code="a">Bundesblatt der Schweizerischen
                            Eidgenossenschaft</subfield>
                        <subfield code="h">[Periodicum]</subfield>
                    </datafield>
                    <datafield tag="246" ind1="1" ind2="3">
                        <subfield code="a">BBl</subfield>
                        <subfield code="h">[Periodicum] :</subfield>
                        <subfield code="b">Bundesblatt</subfield>
                    </datafield>
                    <datafield tag="260" ind1=" " ind2=" ">
                        <subfield code="a">Bern :</subfield>
                        <subfield code="b">Stämpfli,</subfield>
                        <subfield code="c">1920-</subfield>
                    </datafield>
                    <datafield tag="300" ind1=" " ind2=" ">
                        <subfield code="c">21 cm</subfield>
                    </datafield>
                    <datafield tag="310" ind1=" " ind2=" ">
                        <subfield code="a">Wöchentl.</subfield>
                    </datafield>
                    <datafield tag="362" ind1="0" ind2=" ">
                        <subfield code="a">Jg. 72, Bd. 1, No. 1 (7. Jan. 1920)-</subfield>
                    </datafield>
                    <datafield tag="530" ind1=" " ind2=" ">
                        <subfield code="a">Auch erhältlich im Internet unter:</subfield>
                        <subfield code="u"
                            >http://www.admin.ch/bundesrecht/00568/index.html?lang=de</subfield>
                    </datafield>
                    <datafield tag="580" ind1=" " ind2=" ">
                        <subfield code="a">Beil. bis 1926: Amtliche Sammlung der Bundesgesetze und
                            Verordnungen der Schweizerischen Eidgenossenschaft</subfield>
                    </datafield>
                    <datafield tag="580" ind1=" " ind2=" ">
                        <subfield code="a">Beil. 1927-1947: Eidgenössische Gesetzsammlung</subfield>
                    </datafield>
                    <datafield tag="580" ind1=" " ind2=" ">
                        <subfield code="a">Beil. 1948-1987: Sammlung der eidgenössischen
                            Gesetze</subfield>
                    </datafield>
                    <datafield tag="580" ind1=" " ind2=" ">
                        <subfield code="a">Beil. ab 1988: Amtliche Sammlung des
                            Bundesrechts</subfield>
                    </datafield>
                    <datafield tag="580" ind1=" " ind2=" ">
                        <subfield code="a">Beil. bis 1972: Verzeichnis der eidgenössischen
                            Geschwornen = Liste des jurés fédéraux = Elenco dei giurati
                            federali</subfield>
                    </datafield>
                    <datafield tag="580" ind1=" " ind2=" ">
                        <subfield code="a">Beil. bis 1962: Stenographisches Bulletin der
                            Bundesversammlung. Nationalrat = Bulletin sténographique de l'Assemblée
                            fédérale. Conseil national, und: Stenographisches Bulletin der
                            Bundesversammlung. Ständerat = Bulletin sténographique de l'Assemblée
                            fédérale. Conseil des Etats</subfield>
                    </datafield>
                    <datafield tag="580" ind1=" " ind2=" ">
                        <subfield code="a">Beil. ab 1963: Amtliches Bulletin der Bundesversammlung.
                            Nationalrat = Bulletin officiel de l'Assemblée fédérale. Conseil
                            national = Bollettino ufficiale dell'Assemblea federale. Consiglio
                            Nazionale, und: Amtliches Bulletin der Bundesversammlung. Ständerat =
                            Bulletin officiel de l'Assemblée fédérale. Conseil des Etats =
                            Bollettino ufficiale dell'Assemblea federale. Consiglio degli
                            Stati</subfield>
                    </datafield>
                    <datafield tag="580" ind1=" " ind2=" ">
                        <subfield code="a">CD-ROM Beil. ab 1997 (Wintersession, 4/1995-4/1996):
                            Amtliches Bulletin der Bundesversammlung = Bulletin officiel de
                            l'Assemblée fédérale = Bollettino ufficiale dell'Assemblea
                            federale</subfield>
                    </datafield>
                    <datafield tag="580" ind1=" " ind2=" ">
                        <subfield code="a">Enthält bis 1927: Bericht des Eidgenössischen
                            Versicherungsgerichts an die Bundesversammlung über seine
                            Geschäftsführung im Jahre ..., und: Bericht des Schweizerischen
                            Bundesgerichts an die Bundesversammlung über seine Geschäftsführung im
                            Jahre ...</subfield>
                    </datafield>
                    <datafield tag="580" ind1=" " ind2=" ">
                        <subfield code="a">Forts. von: Schweizerisches Bundesblatt</subfield>
                    </datafield>
                    <datafield tag="580" ind1=" " ind2=" ">
                        <subfield code="a">A pour suppl.: Übersicht über die Verhandlungen der
                            Bundesversammlung</subfield>
                    </datafield>
                    <datafield tag="650" ind1=" " ind2="7">
                        <subfield code="a">Amtsblatt</subfield>
                        <subfield code="2">[jurivoc]</subfield>
                    </datafield>
                    <datafield tag="650" ind1=" " ind2="7">
                        <subfield code="a">Bundesrecht</subfield>
                        <subfield code="2">[jurivoc]</subfield>
                    </datafield>
                    <datafield tag="650" ind1=" " ind2="7">
                        <subfield code="a">Periodikum</subfield>
                        <subfield code="2">[jurivoc]</subfield>
                    </datafield>
                    <datafield tag="650" ind1=" " ind2="7">
                        <subfield code="a">Zeitschrift</subfield>
                        <subfield code="2">[helvetosaurus]</subfield>
                    </datafield>
                    <datafield tag="650" ind1=" " ind2="7">
                        <subfield code="a">Bundesversammlung</subfield>
                        <subfield code="2">[midonas]</subfield>
                    </datafield>
                    <datafield tag="650" ind1=" " ind2="7">
                        <subfield code="a">Abstimmungen</subfield>
                        <subfield code="2">[midonas]</subfield>
                    </datafield>
                    <datafield tag="650" ind1=" " ind2="7">
                        <subfield code="a">Bundesrat</subfield>
                        <subfield code="2">[midonas]</subfield>
                    </datafield>
                    <datafield tag="650" ind1=" " ind2="7">
                        <subfield code="a">Berichte</subfield>
                        <subfield code="2">[midonas]</subfield>
                    </datafield>
                    <datafield tag="650" ind1=" " ind2="7">
                        <subfield code="a">Bundesbeschluss</subfield>
                        <subfield code="2">[midonas]</subfield>
                    </datafield>
                    <datafield tag="650" ind1=" " ind2="7">
                        <subfield code="a">Bundesgesetze</subfield>
                        <subfield code="2">[midonas]</subfield>
                    </datafield>
                    <datafield tag="650" ind1=" " ind2="7">
                        <subfield code="a">Politik</subfield>
                        <subfield code="2">[jurivoc]</subfield>
                    </datafield>
                    <datafield tag="710" ind1="1" ind2=" ">
                        <subfield code="a">Schweiz. -</subfield>
                        <subfield code="t">[Gesetze und Verordnungen</subfield>
                        <subfield code="d">(1920- ;</subfield>
                        <subfield code="l">deutsch).</subfield>
                        <subfield code="f">1920-.]</subfield>
                    </datafield>
                    <datafield tag="770" ind1="1" ind2=" ">
                        <subfield code="t">Verzeichnis der eidgenössischen Geschwornen</subfield>
                        <subfield code="x">1421-4083</subfield>
                    </datafield>
                    <datafield tag="770" ind1="1" ind2=" ">
                        <subfield code="t">Liste des jurés fédéraux</subfield>
                    </datafield>
                    <datafield tag="770" ind1="1" ind2=" ">
                        <subfield code="t">Elenco dei giurati federali</subfield>
                    </datafield>
                    <datafield tag="770" ind1="1" ind2=" ">
                        <subfield code="t">Amtliche Sammlung der Bundesgesetze und Verordnungen der
                            Schweizerischen Eidgenossenschaft</subfield>
                        <subfield code="x">1421-3923</subfield>
                    </datafield>
                    <datafield tag="770" ind1="1" ind2=" ">
                        <subfield code="t">Übersicht über die Verhandlungen der
                            Bundesversammlung</subfield>
                        <subfield code="x">1421-4040</subfield>
                    </datafield>
                    <datafield tag="770" ind1="1" ind2=" ">
                        <subfield code="t">Stenographisches Bulletin der Bundesversammlung.
                            Nationalrat</subfield>
                        <subfield code="x">1421-4008</subfield>
                    </datafield>
                    <datafield tag="770" ind1="1" ind2=" ">
                        <subfield code="t">Bulletin sténographique de l'Assemblée fédérale. Conseil
                            national</subfield>
                    </datafield>
                    <datafield tag="770" ind1="1" ind2=" ">
                        <subfield code="t">Stenographisches Bulletin der Bundesversammlung.
                            Ständerat</subfield>
                        <subfield code="x">1421-3990</subfield>
                    </datafield>
                    <datafield tag="770" ind1="1" ind2=" ">
                        <subfield code="t">Bulletin sténographique de l'Assemblée fédérale. Conseil
                            des Etats</subfield>
                    </datafield>
                    <datafield tag="770" ind1="1" ind2=" ">
                        <subfield code="t">Eidgenössische Gesetzsammlung</subfield>
                        <subfield code="x">1421-3788</subfield>
                    </datafield>
                    <datafield tag="770" ind1="1" ind2=" ">
                        <subfield code="t">Sammlung der eidgenössischen Gesetze</subfield>
                        <subfield code="x">1421-3745</subfield>
                    </datafield>
                    <datafield tag="770" ind1="1" ind2=" ">
                        <subfield code="t">Amtliche Sammlung des Bundesrechts</subfield>
                        <subfield code="x">1420-2484</subfield>
                    </datafield>
                    <datafield tag="770" ind1="1" ind2=" ">
                        <subfield code="t">Amtliches Bulletin der Bundesversammlung.
                            Nationalrat</subfield>
                        <subfield code="x">1421-3974</subfield>
                    </datafield>
                    <datafield tag="770" ind1="1" ind2=" ">
                        <subfield code="t">Bulletin officiel de l'Assemblée fédérale. Conseil
                            national</subfield>
                    </datafield>
                    <datafield tag="770" ind1="1" ind2=" ">
                        <subfield code="t">Amtliches Bulletin der Bundesversammlung.
                            Ständerat</subfield>
                        <subfield code="x">1421-3982</subfield>
                    </datafield>
                    <datafield tag="770" ind1="1" ind2=" ">
                        <subfield code="t">Bulletin officiel de l'Assemblée fédérale. Conseil des
                            Etats</subfield>
                    </datafield>
                    <datafield tag="770" ind1="1" ind2=" ">
                        <subfield code="t">Amtliches Bulletin der Bundesversammlung</subfield>
                        <subfield code="x">1420-9454</subfield>
                    </datafield>
                    <datafield tag="770" ind1="1" ind2=" ">
                        <subfield code="t">Bulletin officiel de l'Assemblée fédérale</subfield>
                    </datafield>
                    <datafield tag="770" ind1="1" ind2=" ">
                        <subfield code="t">Bollettino ufficiale dell'Assemblea federale</subfield>
                    </datafield>
                    <datafield tag="770" ind1="1" ind2=" ">
                        <subfield code="t">Bollettino ufficiale dell'Assemblea federale. Consiglio
                            Nazionale</subfield>
                    </datafield>
                    <datafield tag="770" ind1="1" ind2=" ">
                        <subfield code="t">Bollettino ufficiale dell'Assemblea federale. Consiglio
                            degli Stati</subfield>
                    </datafield>
                    <datafield tag="775" ind1="0" ind2=" ">
                        <subfield code="t">Foglio federale</subfield>
                        <subfield code="x">1420-2514</subfield>
                        <subfield code="w">bv01004477</subfield>
                    </datafield>
                    <datafield tag="775" ind1="0" ind2=" ">
                        <subfield code="t">Feuille fédérale</subfield>
                        <subfield code="x">1420-2492</subfield>
                        <subfield code="w">bv80003905</subfield>
                    </datafield>
                    <datafield tag="780" ind1="1" ind2="0">
                        <subfield code="t">Schweizerisches Bundesblatt</subfield>
                        <subfield code="x">1421-3931</subfield>
                    </datafield>
                    <datafield tag="787" ind1="1" ind2=" ">
                        <subfield code="s">Bericht des Eidgenössischen Versicherungsgerichts an die
                            Bundesversammlung über seine Geschäftsführung im Jahre ...</subfield>
                        <subfield code="x">1423-1158</subfield>
                    </datafield>
                    <datafield tag="787" ind1="1" ind2=" ">
                        <subfield code="s">Bericht des Schweizerischen Bundesgerichts an die
                            Bundesversammlung über seine Geschäftsführung im Jahre ...</subfield>
                        <subfield code="x">1423-1174</subfield>
                    </datafield>
                    <datafield tag="891" ind1="2" ind2=" ">
                        <subfield code="9">853</subfield>
                        <subfield code="8">2</subfield>
                        <subfield code="a">(Jg.)</subfield>
                        <subfield code="b">Nr.</subfield>
                        <subfield code="u">51</subfield>
                        <subfield code="v">r</subfield>
                        <subfield code="i">(year)</subfield>
                        <subfield code="j">(month)</subfield>
                        <subfield code="k">(day)</subfield>
                        <subfield code="w">w</subfield>
                        <subfield code="y">ow0101</subfield>
                    </datafield>
                    <datafield tag="999" ind1=" " ind2=" ">
                        <subfield code="a">kat05per</subfield>
                        <subfield code="b">0000/00</subfield>
                    </datafield>
                    <datafield tag="999" ind1=" " ind2=" ">
                        <subfield code="a">kat11per</subfield>
                        <subfield code="b">200604</subfield>
                    </datafield>
                    <datafield tag="852" ind1="4" ind2=" ">
                        <subfield code="b">BIG</subfield>
                        <subfield code="c">Magazin1</subfield>
                        <subfield code="h">BIG PP I 123 M</subfield>
                        <subfield code="8">22301947300001791</subfield>
                    </datafield>
                    <datafield tag="866" ind1=" " ind2=" ">
                        <subfield code="a">wird nicht aufbewahrt</subfield>
                        <subfield code="8">1</subfield>
                        <subfield code="8">22301947300001791</subfield>
                    </datafield>
                    <datafield tag="852" ind1="4" ind2=" ">
                        <subfield code="b">BIG</subfield>
                        <subfield code="c">Magazin1</subfield>
                        <subfield code="h">BIG BFM BBl</subfield>
                        <subfield code="8">22301947430001791</subfield>
                    </datafield>
                    <datafield tag="866" ind1=" " ind2=" ">
                        <subfield code="a">97, 1945 -</subfield>
                        <subfield code="8">1</subfield>
                        <subfield code="8">22301947430001791</subfield>
                    </datafield>
                    <datafield tag="866" ind1=" " ind2=" ">
                        <subfield code="a">Dauernde Aufbewahrung (gebunden)</subfield>
                        <subfield code="8">2</subfield>
                        <subfield code="8">22301947430001791</subfield>
                    </datafield>
                    <datafield tag="852" ind1="4" ind2=" ">
                        <subfield code="b">BIG</subfield>
                        <subfield code="c">Magazin1</subfield>
                        <subfield code="h">BIG PP I 123 M b</subfield>
                        <subfield code="8">22301947560001791</subfield>
                    </datafield>
                    <datafield tag="866" ind1=" " ind2="0">
                        <subfield code="a">wird nicht aufbewahrt</subfield>
                        <subfield code="8">1</subfield>
                        <subfield code="8">22301947560001791</subfield>
                    </datafield>
                    <datafield tag="852" ind1="8" ind2=" ">
                        <subfield code="b">BAG</subfield>
                        <subfield code="c">WIS</subfield>
                        <subfield code="h">BAG</subfield>
                        <subfield code="8">22301947190001791</subfield>
                    </datafield>
                    <datafield tag="866" ind1=" " ind2="0">
                        <subfield code="a">WIS (1930-1999 in Lokal Recht Archiv, Hauptgeb.
                            U142)</subfield>
                        <subfield code="8">1</subfield>
                        <subfield code="8">22301947190001791</subfield>
                    </datafield>
                    <datafield tag="852" ind1="#" ind2=" ">
                        <subfield code="b">SECO</subfield>
                        <subfield code="c">Doku</subfield>
                        <subfield code="h">SECO Z 1</subfield>
                        <subfield code="8">22301947600001791</subfield>
                    </datafield>
                    <datafield tag="866" ind1=" " ind2=" ">
                        <subfield code="a">1960-1980</subfield>
                        <subfield code="8">1</subfield>
                        <subfield code="8">22301947600001791</subfield>
                    </datafield>
                    <datafield tag="852" ind1="4" ind2=" ">
                        <subfield code="b">BIG</subfield>
                        <subfield code="c">Magazin1</subfield>
                        <subfield code="h">BIG PP I 123 M d</subfield>
                        <subfield code="8">22301947330001791</subfield>
                    </datafield>
                    <datafield tag="866" ind1=" " ind2="0">
                        <subfield code="a">wird nicht aufbewahrt</subfield>
                        <subfield code="8">22301947330001791</subfield>
                    </datafield>
                    <datafield tag="852" ind1="4" ind2=" ">
                        <subfield code="b">BIG</subfield>
                        <subfield code="c">Magazin1</subfield>
                        <subfield code="h">BIG BFM BBl</subfield>
                        <subfield code="8">22301947590001791</subfield>
                    </datafield>
                    <datafield tag="866" ind1=" " ind2=" ">
                        <subfield code="a">142, 1990 -</subfield>
                        <subfield code="8">1</subfield>
                        <subfield code="8">22301947590001791</subfield>
                    </datafield>
                    <datafield tag="866" ind1=" " ind2=" ">
                        <subfield code="a">Dauernde Aufbewahrung (gebunden)</subfield>
                        <subfield code="8">2</subfield>
                        <subfield code="8">22301947590001791</subfield>
                    </datafield>
                    <datafield tag="852" ind1="#" ind2=" ">
                        <subfield code="b">ZAS</subfield>
                        <subfield code="c">Biblio</subfield>
                        <subfield code="h">CDC 342(050) BUN</subfield>
                        <subfield code="8">22301947580001791</subfield>
                    </datafield>
                    <datafield tag="866" ind1=" " ind2=" ">
                        <subfield code="a">Etat de la collection :</subfield>
                        <subfield code="8">1</subfield>
                        <subfield code="8">22301947580001791</subfield>
                    </datafield>
                    <datafield tag="866" ind1=" " ind2=" ">
                        <subfield code="a">1914 -</subfield>
                        <subfield code="8">2</subfield>
                        <subfield code="8">22301947580001791</subfield>
                    </datafield>
                    <datafield tag="852" ind1="8" ind2=" ">
                        <subfield code="b">BIG</subfield>
                        <subfield code="c">ARZS</subfield>
                        <subfield code="h">BIG AR a</subfield>
                        <subfield code="8">22301947420001791</subfield>
                    </datafield>
                    <datafield tag="852" ind1="4" ind2=" ">
                        <subfield code="b">BIG</subfield>
                        <subfield code="c">Magazin1</subfield>
                        <subfield code="h">BIG PP I 123 M e</subfield>
                        <subfield code="8">22301947200001791</subfield>
                    </datafield>
                    <datafield tag="866" ind1=" " ind2="0">
                        <subfield code="a">wird nicht aufbewahrt</subfield>
                        <subfield code="8">1</subfield>
                        <subfield code="8">22301947200001791</subfield>
                    </datafield>
                    <datafield tag="852" ind1="#" ind2=" ">
                        <subfield code="b">SECO</subfield>
                        <subfield code="c">Doku</subfield>
                        <subfield code="h">SECO Z 1</subfield>
                        <subfield code="8">22301947250001791</subfield>
                    </datafield>
                    <datafield tag="866" ind1=" " ind2=" ">
                        <subfield code="a">1920-1959</subfield>
                        <subfield code="8">1</subfield>
                        <subfield code="8">22301947250001791</subfield>
                    </datafield>
                    <datafield tag="852" ind1="4" ind2=" ">
                        <subfield code="b">BIG</subfield>
                        <subfield code="c">Magazin1</subfield>
                        <subfield code="h">BIG PP I 123 M c</subfield>
                        <subfield code="8">22301947280001791</subfield>
                    </datafield>
                    <datafield tag="866" ind1=" " ind2="0">
                        <subfield code="a">wird nicht aufbewahrt</subfield>
                        <subfield code="8">1</subfield>
                        <subfield code="8">22301947280001791</subfield>
                    </datafield>
                    <datafield tag="852" ind1="#" ind2=" ">
                        <subfield code="b">BAR</subfield>
                        <subfield code="c">Doku</subfield>
                        <subfield code="h">BAR Lc1</subfield>
                        <subfield code="8">22301947630001791</subfield>
                    </datafield>
                    <datafield tag="852" ind1=" " ind2=" ">
                        <subfield code="b">BIG</subfield>
                        <subfield code="c">ARZS</subfield>
                        <subfield code="h">BIG AR c</subfield>
                        <subfield code="8">22301947380001791</subfield>
                    </datafield>
                    <datafield tag="852" ind1="4" ind2=" ">
                        <subfield code="b">BIG</subfield>
                        <subfield code="c">Magazin1</subfield>
                        <subfield code="h">BIG PP I 123 M a</subfield>
                        <subfield code="8">22301947290001791</subfield>
                    </datafield>
                    <datafield tag="866" ind1=" " ind2="0">
                        <subfield code="a">wird nicht aufbewahrt</subfield>
                        <subfield code="8">1</subfield>
                        <subfield code="8">22301947290001791</subfield>
                    </datafield>
                    <datafield tag="852" ind1="#" ind2=" ">
                        <subfield code="b">SECO</subfield>
                        <subfield code="c">Doku</subfield>
                        <subfield code="h">SECO Z 1</subfield>
                        <subfield code="8">22301947610001791</subfield>
                    </datafield>
                    <datafield tag="866" ind1=" " ind2=" ">
                        <subfield code="a">1981 -</subfield>
                        <subfield code="8">1</subfield>
                        <subfield code="8">22301947610001791</subfield>
                    </datafield>
                    <datafield tag="852" ind1="8" ind2=" ">
                        <subfield code="b">BIG</subfield>
                        <subfield code="c">ARZS</subfield>
                        <subfield code="h">BIG AR b</subfield>
                        <subfield code="8">22301947230001791</subfield>
                    </datafield>
                    <datafield tag="852" ind1="8" ind2=" ">
                        <subfield code="b">BAG</subfield>
                        <subfield code="c">AKV</subfield>
                        <subfield code="h">BAG</subfield>
                        <subfield code="8">22301947570001791</subfield>
                    </datafield>
                    <datafield tag="866" ind1=" " ind2="0">
                        <subfield code="a">AKV (2006-2014) ; abbest. auf Ende 2014</subfield>
                        <subfield code="8">1</subfield>
                        <subfield code="8">22301947570001791</subfield>
                    </datafield>
                    <datafield tag="852" ind1="8" ind2=" ">
                        <subfield code="b">BFS</subfield>
                        <subfield code="c">Archiv</subfield>
                        <subfield code="h">BFS 10100 02 30 122000 0000 0</subfield>
                        <subfield code="8">22301947210001791</subfield>
                    </datafield>
                    <datafield tag="866" ind1=" " ind2=" ">
                        <subfield code="a">1/2000-</subfield>
                        <subfield code="8">1</subfield>
                        <subfield code="8">22301947210001791</subfield>
                    </datafield>
                    <datafield tag="866" ind1=" " ind2=" ">
                        <subfield code="a">Lücke : Nr.6/2007 (pas reçu + épuisé).</subfield>
                        <subfield code="8">2</subfield>
                        <subfield code="8">22301947210001791</subfield>
                    </datafield>
                    <datafield tag="866" ind1="4" ind2="1">
                        <subfield code="a">167:Nr.1-40(2015:Jan.-Okt.13-13)</subfield>
                        <subfield code="8">2.1</subfield>
                        <subfield code="8">22301947210001791</subfield>
                    </datafield>
                    <datafield tag="852" ind1="8" ind2=" ">
                        <subfield code="b">BIG</subfield>
                        <subfield code="c">ASTRAZS</subfield>
                        <subfield code="h">BIG ASTRA P001</subfield>
                        <subfield code="8">22301947400001791</subfield>
                    </datafield>
                    <datafield tag="866" ind1=" " ind2=" ">
                        <subfield code="a">Ab 1943 - 2014</subfield>
                        <subfield code="8">1</subfield>
                        <subfield code="8">22301947400001791</subfield>
                    </datafield>
                    <datafield tag="949" ind1=" " ind2=" ">
                        <subfield code="a">ITEM3079511</subfield>
                        <subfield code="b">Magazin1</subfield>
                        <subfield code="h">ISSUE</subfield>
                        <subfield code="8">23330346130001791</subfield>
                        <subfield code="e">Jg.2015:Nr.40 (2015:10)</subfield>
                        <subfield code="f">BIG</subfield>
                        <subfield code="c">BIG PP I 123 M e</subfield>
                    </datafield>
                    <datafield tag="949" ind1=" " ind2=" ">
                        <subfield code="a">ITEM3072200</subfield>
                        <subfield code="b">Archiv</subfield>
                        <subfield code="h">ISSUE</subfield>
                        <subfield code="8">23330111990001791</subfield>
                        <subfield code="e">Jg.2015:Nr.40</subfield>
                        <subfield code="f">BFS</subfield>
                        <subfield code="c">BFS 10100 02 30 122000 0000 0</subfield>
                    </datafield>
                    <datafield tag="949" ind1=" " ind2=" ">
                        <subfield code="a">ITEM3087761</subfield>
                        <subfield code="b">Magazin1</subfield>
                        <subfield code="h">ISSUE</subfield>
                        <subfield code="8">23331358700001791</subfield>
                        <subfield code="e">Jg.2015:Nr.40 (2015:10)</subfield>
                        <subfield code="f">BIG</subfield>
                        <subfield code="c">BIG PP I 123 M d</subfield>
                    </datafield>
                    <datafield tag="949" ind1=" " ind2=" ">
                        <subfield code="a">ITEM3110582</subfield>
                        <subfield code="b">Magazin1</subfield>
                        <subfield code="h">ISSUE</subfield>
                        <subfield code="8">23333218200001791</subfield>
                        <subfield code="e">Jg.2015:Nr.40 (2015:10)</subfield>
                        <subfield code="f">BIG</subfield>
                        <subfield code="c">BIG PP I 123 M a</subfield>
                    </datafield>
                    <datafield tag="949" ind1=" " ind2=" ">
                        <subfield code="a">ITEM3082932</subfield>
                        <subfield code="b">ARZS</subfield>
                        <subfield code="h">ISSUE</subfield>
                        <subfield code="8">23331119800001791</subfield>
                        <subfield code="e">40 / 2015 </subfield>
                        <subfield code="f">BIG</subfield>
                        <subfield code="c">BIG AR c</subfield>
                    </datafield>
                    <datafield tag="949" ind1=" " ind2=" ">
                        <subfield code="a">ITEM3110584</subfield>
                        <subfield code="b">Magazin1</subfield>
                        <subfield code="h">ISSUE</subfield>
                        <subfield code="8">23333218180001791</subfield>
                        <subfield code="e">Jg.2015:Nr.40 (2015:10)</subfield>
                        <subfield code="f">BIG</subfield>
                        <subfield code="c">BIG PP I 123 M b</subfield>
                    </datafield>
                    <datafield tag="949" ind1=" " ind2=" ">
                        <subfield code="a">ITEM3110581</subfield>
                        <subfield code="b">Magazin1</subfield>
                        <subfield code="h">ISSUE</subfield>
                        <subfield code="8">23333218220001791</subfield>
                        <subfield code="e">Jg.2015:Nr.40 (2015:10)</subfield>
                        <subfield code="f">BIG</subfield>
                        <subfield code="c">BIG PP I 123 M</subfield>
                    </datafield>
                    <datafield tag="949" ind1=" " ind2=" ">
                        <subfield code="a">ITEM1161296</subfield>
                        <subfield code="b">Doku</subfield>
                        <subfield code="h">ISSUE</subfield>
                        <subfield code="8">23301947620001791</subfield>
                        <subfield code="f">BAR</subfield>
                        <subfield code="c">BAR Lc1</subfield>
                    </datafield>
                    <datafield tag="949" ind1=" " ind2=" ">
                        <subfield code="a">ITEM3082930</subfield>
                        <subfield code="b">ARZS</subfield>
                        <subfield code="h">ISSUE</subfield>
                        <subfield code="8">23331119820001791</subfield>
                        <subfield code="e">40 / 2015</subfield>
                        <subfield code="f">BIG</subfield>
                        <subfield code="c">BIG AR b</subfield>
                    </datafield>
                    <datafield tag="949" ind1=" " ind2=" ">
                        <subfield code="a">ITEM3082931</subfield>
                        <subfield code="b">ARZS</subfield>
                        <subfield code="h">ISSUE</subfield>
                        <subfield code="8">23331119810001791</subfield>
                        <subfield code="e">40 / 2015</subfield>
                        <subfield code="f">BIG</subfield>
                        <subfield code="c">BIG AR a</subfield>
                    </datafield>
                    <datafield tag="949" ind1=" " ind2=" ">
                        <subfield code="a">ITEM3087754</subfield>
                        <subfield code="b">Magazin1</subfield>
                        <subfield code="h">ISSUE</subfield>
                        <subfield code="8">23331358830001791</subfield>
                        <subfield code="e">Jg.2015:Nr.40 (2015:10)</subfield>
                        <subfield code="f">BIG</subfield>
                        <subfield code="c">BIG PP I 123 M c</subfield>
                    </datafield>
                </record>
            </metadata>
        </record>