
        <record>
            <header>
                <identifier>oai:urm_publish:9914034574101791</identifier>
                <datestamp>2015-10-14T22:24:22Z</datestamp>
                <setSpec>OAI_Sbib</setSpec>
            </header>
            <metadata xmlns:xsi="http://www.w3.org/2001/XMLSchema-instance">
                <record xmlns="http://www.loc.gov/MARC21/slim"
                    xmlns:xsi="http://www.w3.org/2001/XMLSchema-instance"
                    xsi:schemaLocation="http://www.loc.gov/MARC21/slim http://www.loc.gov/standards/marcxml/schema/MARC21slim.xsd">
                    <leader>00764nas a2200229 a 4500</leader>
                    <controlfield tag="005">20150127205240.0</controlfield>
                    <controlfield tag="008">131110c19uu9999fr sr p 0 0fre d</controlfield>
                    <controlfield tag="001">9914034574101791</controlfield>
                    <datafield tag="022" ind1=" " ind2=" ">
                        <subfield code="a">0299-9811</subfield>
                    </datafield>
                    <datafield tag="035" ind1=" " ind2=" ">
                        <subfield code="a">vtls001403457-41big_inst</subfield>
                    </datafield>
                    <datafield tag="035" ind1=" " ind2=" ">
                        <subfield code="a">bv001403457</subfield>
                    </datafield>
                    <datafield tag="039" ind1=" " ind2="9">
                        <subfield code="a">201209201747</subfield>
                        <subfield code="b">afabig</subfield>
                        <subfield code="c">201105172020</subfield>
                        <subfield code="d">VLOAD</subfield>
                        <subfield code="c">200906031201</subfield>
                        <subfield code="d">nadbig</subfield>
                        <subfield code="c">200906031200</subfield>
                        <subfield code="d">nadbig</subfield>
                        <subfield code="y">200904241604</subfield>
                        <subfield code="z">nadbig</subfield>
                    </datafield>
                    <datafield tag="040" ind1=" " ind2=" ">
                        <subfield code="a">BiG</subfield>
                        <subfield code="c">BiG</subfield>
                    </datafield>
                    <datafield tag="245" ind1="0" ind2="0">
                        <subfield code="a">Africa confidential</subfield>
                        <subfield code="h">[Periodicum]</subfield>
                    </datafield>
                    <datafield tag="250" ind1=" " ind2=" ">
                        <subfield code="a">Ed. française</subfield>
                    </datafield>
                    <datafield tag="260" ind1=" " ind2=" ">
                        <subfield code="a">Paris :</subfield>
                        <subfield code="b">Nord Sud Export consultants,</subfield>
                        <subfield code="c">[19??]-</subfield>
                    </datafield>
                    <datafield tag="260" ind1="3" ind2=" ">
                        <subfield code="a">Paris :</subfield>
                        <subfield code="b">Indigo Publications</subfield>
                    </datafield>
                    <datafield tag="300" ind1=" " ind2=" ">
                        <subfield code="c">30 cm</subfield>
                    </datafield>
                    <datafield tag="310" ind1=" " ind2=" ">
                        <subfield code="a">2 fois par mois</subfield>
                    </datafield>
                    <datafield tag="500" ind1=" " ind2=" ">
                        <subfield code="a">Catalogué d'après le no 346, 2000</subfield>
                    </datafield>
                    <datafield tag="891" ind1="2" ind2=" ">
                        <subfield code="9">853</subfield>
                        <subfield code="8">2</subfield>
                        <subfield code="a">No</subfield>
                        <subfield code="i">(year)</subfield>
                        <subfield code="j">(month)</subfield>
                        <subfield code="k">(day)</subfield>
                        <subfield code="w">s</subfield>
                    </datafield>
                    <datafield tag="999" ind1=" " ind2=" ">
                        <subfield code="a">kat05per</subfield>
                        <subfield code="b">2009/04</subfield>
                    </datafield>
                    <datafield tag="852" ind1="4" ind2=" ">
                        <subfield code="b">BIG</subfield>
                        <subfield code="c">Magazin1</subfield>
                        <subfield code="h">BIG BFM Z-224</subfield>
                        <subfield code="8">22311397520001791</subfield>
                    </datafield>
                    <datafield tag="866" ind1=" " ind2=" ">
                        <subfield code="a">33(1992) - 36(1995) - (2007) (Archiv)</subfield>
                        <subfield code="8">1</subfield>
                        <subfield code="8">22311397520001791</subfield>
                    </datafield>
                    <datafield tag="852" ind1="#" ind2=" ">
                        <subfield code="b">BIG</subfield>
                        <subfield code="c">Zeitschr</subfield>
                        <subfield code="h">BIG PP I 1458 M b</subfield>
                        <subfield code="8">22330386160001791</subfield>
                    </datafield>
                    <datafield tag="866" ind1=" " ind2="0">
                        <subfield code="a">wird nicht aufbewahrt</subfield>
                        <subfield code="8">1</subfield>
                        <subfield code="8">22330386160001791</subfield>
                    </datafield>
                    <datafield tag="852" ind1="#" ind2=" ">
                        <subfield code="b">BIG</subfield>
                        <subfield code="c">Zeitschr</subfield>
                        <subfield code="h">BIG PP I 1458 M</subfield>
                        <subfield code="8">22330425710001791</subfield>
                    </datafield>
                    <datafield tag="866" ind1=" " ind2="0">
                        <subfield code="a">2008</subfield>
                        <subfield code="8">1</subfield>
                        <subfield code="8">22330425710001791</subfield>
                    </datafield>
                    <datafield tag="866" ind1=" " ind2=" ">
                        <subfield code="a">wird nur noch elektronisch weitergeleitet (muss
                            ausgedruckt werden und via Zirkliste weiterleiten!)</subfield>
                        <subfield code="8">1</subfield>
                        <subfield code="8">22330425710001791</subfield>
                    </datafield>
                    <datafield tag="852" ind1="#" ind2=" ">
                        <subfield code="b">BIG</subfield>
                        <subfield code="c">Zeitschr</subfield>
                        <subfield code="h">BIG PP I 1458 M a</subfield>
                        <subfield code="8">22330425700001791</subfield>
                    </datafield>
                    <datafield tag="866" ind1=" " ind2="0">
                        <subfield code="a">wird nicht aufbewahrt</subfield>
                        <subfield code="8">1</subfield>
                        <subfield code="8">22330425700001791</subfield>
                    </datafield>
                    <datafield tag="852" ind1="8" ind2=" ">
                        <subfield code="b">BIG</subfield>
                        <subfield code="c">Zeitschr</subfield>
                        <subfield code="8">22334789550001791</subfield>
                    </datafield>
                    <datafield tag="949" ind1=" " ind2=" ">
                        <subfield code="a">1950668643</subfield>
                        <subfield code="b">Zeitschr</subfield>
                        <subfield code="h">ISSUE</subfield>
                        <subfield code="8">23337077450001791</subfield>
                        <subfield code="e">vol.709:no 715 (2015:05)</subfield>
                        <subfield code="f">BIG</subfield>
                        <subfield code="c">BIG PP I 1458 M</subfield>
                    </datafield>
                    <datafield tag="949" ind1=" " ind2=" ">
                        <subfield code="a">1950668206</subfield>
                        <subfield code="b">Zeitschr</subfield>
                        <subfield code="h">ISSUE</subfield>
                        <subfield code="8">23332059270001791</subfield>
                        <subfield code="e">no 692(2014)</subfield>
                        <subfield code="f">BIG</subfield>
                        <subfield code="c">BIG PP I 1458 M</subfield>
                    </datafield>
                    <datafield tag="949" ind1=" " ind2=" ">
                        <subfield code="a">1950668465</subfield>
                        <subfield code="b">Zeitschr</subfield>
                        <subfield code="h">ISSUE</subfield>
                        <subfield code="8">23334369880001791</subfield>
                        <subfield code="e">no 705 (2014:12)</subfield>
                        <subfield code="f">BIG</subfield>
                        <subfield code="c">BIG PP I 1458 M</subfield>
                    </datafield>
                    <datafield tag="949" ind1=" " ind2=" ">
                        <subfield code="a">1950668150</subfield>
                        <subfield code="b">Zeitschr</subfield>
                        <subfield code="h">ISSUE</subfield>
                        <subfield code="8">23331869200001791</subfield>
                        <subfield code="e">no 690 (2014)</subfield>
                        <subfield code="f">BIG</subfield>
                        <subfield code="c">BIG PP I 1458 M</subfield>
                    </datafield>
                    <datafield tag="949" ind1=" " ind2=" ">
                        <subfield code="a">1950668744</subfield>
                        <subfield code="b">Zeitschr</subfield>
                        <subfield code="h">ISSUE</subfield>
                        <subfield code="8">23337765780001791</subfield>
                        <subfield code="e">vol.709:no 720 (2015:07)</subfield>
                        <subfield code="f">BIG</subfield>
                        <subfield code="c">BIG PP I 1458 M</subfield>
                    </datafield>
                    <datafield tag="949" ind1=" " ind2=" ">
                        <subfield code="a">ITEM3084073</subfield>
                        <subfield code="b">Zeitschr</subfield>
                        <subfield code="h">ISSUE</subfield>
                        <subfield code="8">23331167620001791</subfield>
                        <subfield code="e">vol.709:no 724 (2015:10)</subfield>
                        <subfield code="f">BIG</subfield>
                        <subfield code="c">BIG PP I 1458 M b</subfield>
                    </datafield>
                    <datafield tag="949" ind1=" " ind2=" ">
                        <subfield code="a">1950668276</subfield>
                        <subfield code="b">Zeitschr</subfield>
                        <subfield code="h">ISSUE</subfield>
                        <subfield code="8">23332747950001791</subfield>
                        <subfield code="e">no 696(2014)</subfield>
                        <subfield code="f">BIG</subfield>
                        <subfield code="c">BIG PP I 1458 M</subfield>
                    </datafield>
                    <datafield tag="949" ind1=" " ind2=" ">
                        <subfield code="a">1950668256</subfield>
                        <subfield code="b">Zeitschr</subfield>
                        <subfield code="h">ISSUE</subfield>
                        <subfield code="8">23332518440001791</subfield>
                        <subfield code="e">:no 695 (2014)</subfield>
                        <subfield code="f">BIG</subfield>
                        <subfield code="c">BIG PP I 1458 M</subfield>
                    </datafield>
                    <datafield tag="949" ind1=" " ind2=" ">
                        <subfield code="a">1950668826</subfield>
                        <subfield code="b">Zeitschr</subfield>
                        <subfield code="h">ISSUE</subfield>
                        <subfield code="8">23338929200001791</subfield>
                        <subfield code="e">vol.709:no 724 (2015:10)</subfield>
                        <subfield code="f">BIG</subfield>
                        <subfield code="c">BIG PP I 1458 M</subfield>
                    </datafield>
                    <datafield tag="949" ind1=" " ind2=" ">
                        <subfield code="a">1950668081</subfield>
                        <subfield code="b">Zeitschr</subfield>
                        <subfield code="h">ISSUE</subfield>
                        <subfield code="8">23331569920001791</subfield>
                        <subfield code="e">no 687 (2014)</subfield>
                        <subfield code="f">BIG</subfield>
                        <subfield code="c">BIG PP I 1458 M</subfield>
                    </datafield>
                    <datafield tag="949" ind1=" " ind2=" ">
                        <subfield code="a">1950668105</subfield>
                        <subfield code="b">Zeitschr</subfield>
                        <subfield code="h">ISSUE</subfield>
                        <subfield code="8">23331689940001791</subfield>
                        <subfield code="e">no 688 (2014)</subfield>
                        <subfield code="f">BIG</subfield>
                        <subfield code="c">BIG PP I 1458 M</subfield>
                    </datafield>
                    <datafield tag="949" ind1=" " ind2=" ">
                        <subfield code="a">1950668125</subfield>
                        <subfield code="b">Zeitschr</subfield>
                        <subfield code="h">ISSUE</subfield>
                        <subfield code="8">23331778760001791</subfield>
                        <subfield code="e">no 689(2014)</subfield>
                        <subfield code="f">BIG</subfield>
                        <subfield code="c">BIG PP I 1458 M</subfield>
                    </datafield>
                    <datafield tag="949" ind1=" " ind2=" ">
                        <subfield code="a">1950668623</subfield>
                        <subfield code="b">Zeitschr</subfield>
                        <subfield code="h">ISSUE</subfield>
                        <subfield code="8">23336939670001791</subfield>
                        <subfield code="e">vol.709:no 714 (2015:05)</subfield>
                        <subfield code="f">BIG</subfield>
                        <subfield code="c">BIG PP I 1458 M</subfield>
                    </datafield>
                    <datafield tag="949" ind1=" " ind2=" ">
                        <subfield code="a">ITEM3079416</subfield>
                        <subfield code="b">Zeitschr</subfield>
                        <subfield code="h">ISSUE</subfield>
                        <subfield code="8">23330347790001791</subfield>
                        <subfield code="e">vol.709:no 724 (2015:10)</subfield>
                        <subfield code="f">BIG</subfield>
                        <subfield code="c">BIG PP I 1458 M a</subfield>
                    </datafield>
                    <datafield tag="949" ind1=" " ind2=" ">
                        <subfield code="a">1950668436</subfield>
                        <subfield code="b">Zeitschr</subfield>
                        <subfield code="h">ISSUE</subfield>
                        <subfield code="8">23333940640001791</subfield>
                        <subfield code="e">no 703 (2014:11)</subfield>
                        <subfield code="f">BIG</subfield>
                        <subfield code="c">BIG PP I 1458 M</subfield>
                    </datafield>
                    <datafield tag="949" ind1=" " ind2=" ">
                        <subfield code="a">1950668379</subfield>
                        <subfield code="b">Zeitschr</subfield>
                        <subfield code="h">ISSUE</subfield>
                        <subfield code="8">23333717540001791</subfield>
                        <subfield code="e">no 701 (2014)</subfield>
                        <subfield code="f">BIG</subfield>
                        <subfield code="c">BIG PP I 1458 M</subfield>
                    </datafield>
                    <datafield tag="949" ind1=" " ind2=" ">
                        <subfield code="a">1950668768</subfield>
                        <subfield code="b">Zeitschr</subfield>
                        <subfield code="h">ISSUE</subfield>
                        <subfield code="8">23338467180001791</subfield>
                        <subfield code="e">vol.709:no 721 (2015:08)</subfield>
                        <subfield code="f">BIG</subfield>
                        <subfield code="c">BIG PP I 1458 M</subfield>
                    </datafield>
                    <datafield tag="949" ind1=" " ind2=" ">
                        <subfield code="a">1950668727</subfield>
                        <subfield code="b">Zeitschr</subfield>
                        <subfield code="h">ISSUE</subfield>
                        <subfield code="8">23337669630001791</subfield>
                        <subfield code="e">vol.709:no 719 (2015:07)</subfield>
                        <subfield code="f">BIG</subfield>
                        <subfield code="c">BIG PP I 1458 M</subfield>
                    </datafield>
                    <datafield tag="949" ind1=" " ind2=" ">
                        <subfield code="a">1950668478</subfield>
                        <subfield code="b">Zeitschr</subfield>
                        <subfield code="h">ISSUE</subfield>
                        <subfield code="8">23334439560001791</subfield>
                        <subfield code="e">no 706 (2015:01)</subfield>
                        <subfield code="f">BIG</subfield>
                        <subfield code="c">BIG PP I 1458 M</subfield>
                    </datafield>
                    <datafield tag="949" ind1=" " ind2=" ">
                        <subfield code="a">ITEM3142250</subfield>
                        <subfield code="b">Zeitschr</subfield>
                        <subfield code="h">ISSUE</subfield>
                        <subfield code="8">23337765790001791</subfield>
                        <subfield code="e">vol.709:no 718 (2015:07)</subfield>
                        <subfield code="f">BIG</subfield>
                        <subfield code="c">BIG PP I 1458 M</subfield>
                    </datafield>
                    <datafield tag="949" ind1=" " ind2=" ">
                        <subfield code="a">1950668572</subfield>
                        <subfield code="b">Zeitschr</subfield>
                        <subfield code="h">ISSUE</subfield>
                        <subfield code="8">23336495720001791</subfield>
                        <subfield code="e">vol.709:no 711 (2015:03)</subfield>
                        <subfield code="f">BIG</subfield>
                        <subfield code="c">BIG PP I 1458 M</subfield>
                    </datafield>
                    <datafield tag="949" ind1=" " ind2=" ">
                        <subfield code="a">1950668079</subfield>
                        <subfield code="b">Zeitschr</subfield>
                        <subfield code="h">ISSUE</subfield>
                        <subfield code="8">23331543570001791</subfield>
                        <subfield code="e">no 685 (2014)</subfield>
                        <subfield code="f">BIG</subfield>
                        <subfield code="c">BIG PP I 1458 M</subfield>
                    </datafield>
                    <datafield tag="949" ind1=" " ind2=" ">
                        <subfield code="a">1950668030</subfield>
                        <subfield code="b">Zeitschr</subfield>
                        <subfield code="h">ISSUE</subfield>
                        <subfield code="8">23331167660001791</subfield>
                        <subfield code="e">no 684 (2014)</subfield>
                        <subfield code="f">BIG</subfield>
                        <subfield code="c">BIG PP I 1458 M</subfield>
                    </datafield>
                    <datafield tag="949" ind1=" " ind2=" ">
                        <subfield code="a">1950668348</subfield>
                        <subfield code="b">Zeitschr</subfield>
                        <subfield code="h">ISSUE</subfield>
                        <subfield code="8">23333222080001791</subfield>
                        <subfield code="e">:no 698 (2014)</subfield>
                        <subfield code="f">BIG</subfield>
                        <subfield code="c">BIG PP I 1458 M</subfield>
                    </datafield>
                    <datafield tag="949" ind1=" " ind2=" ">
                        <subfield code="a">1950668448</subfield>
                        <subfield code="b">Zeitschr</subfield>
                        <subfield code="h">ISSUE</subfield>
                        <subfield code="8">23334099460001791</subfield>
                        <subfield code="e">no 704 (2014:12)</subfield>
                        <subfield code="f">BIG</subfield>
                        <subfield code="c">BIG PP I 1458 M</subfield>
                    </datafield>
                    <datafield tag="949" ind1=" " ind2=" ">
                        <subfield code="a">1950668565</subfield>
                        <subfield code="b">Zeitschr</subfield>
                        <subfield code="h">ISSUE</subfield>
                        <subfield code="8">23336498310001791</subfield>
                        <subfield code="e">vol.709:no 710 (2015:03)</subfield>
                        <subfield code="f">BIG</subfield>
                        <subfield code="c">BIG PP I 1458 M</subfield>
                    </datafield>
                    <datafield tag="949" ind1=" " ind2=" ">
                        <subfield code="a">1950668585</subfield>
                        <subfield code="b">Zeitschr</subfield>
                        <subfield code="h">ISSUE</subfield>
                        <subfield code="8">23336715710001791</subfield>
                        <subfield code="e">vol.709:no 712 (2015:04)</subfield>
                        <subfield code="f">BIG</subfield>
                        <subfield code="c">BIG PP I 1458 M</subfield>
                    </datafield>
                    <datafield tag="949" ind1=" " ind2=" ">
                        <subfield code="a">1950668490</subfield>
                        <subfield code="b">Zeitschr</subfield>
                        <subfield code="h">ISSUE</subfield>
                        <subfield code="8">23334531980001791</subfield>
                        <subfield code="e">no 708 (2015:02)</subfield>
                        <subfield code="f">BIG</subfield>
                        <subfield code="c">BIG PP I 1458 M</subfield>
                    </datafield>
                    <datafield tag="949" ind1=" " ind2=" ">
                        <subfield code="a">1950668544</subfield>
                        <subfield code="b">Zeitschr</subfield>
                        <subfield code="h">ISSUE</subfield>
                        <subfield code="8">23334837330001791</subfield>
                        <subfield code="e">no 709 (2015:02)</subfield>
                        <subfield code="f">BIG</subfield>
                        <subfield code="c">BIG PP I 1458 M</subfield>
                    </datafield>
                    <datafield tag="949" ind1=" " ind2=" ">
                        <subfield code="a">1950668798</subfield>
                        <subfield code="b">Zeitschr</subfield>
                        <subfield code="h">ISSUE</subfield>
                        <subfield code="8">23338747130001791</subfield>
                        <subfield code="e">vol.709:no 723 (2015:09)</subfield>
                        <subfield code="f">BIG</subfield>
                        <subfield code="c">BIG PP I 1458 M</subfield>
                    </datafield>
                    <datafield tag="949" ind1=" " ind2=" ">
                        <subfield code="a">1950668359</subfield>
                        <subfield code="b">Zeitschr</subfield>
                        <subfield code="h">ISSUE</subfield>
                        <subfield code="8">23333598790001791</subfield>
                        <subfield code="e">:no 699 (2014)</subfield>
                        <subfield code="f">BIG</subfield>
                        <subfield code="c">BIG PP I 1458 M</subfield>
                    </datafield>
                    <datafield tag="949" ind1=" " ind2=" ">
                        <subfield code="a">1950668400</subfield>
                        <subfield code="b">Zeitschr</subfield>
                        <subfield code="h">ISSUE</subfield>
                        <subfield code="8">23333839810001791</subfield>
                        <subfield code="e">no 702 (2014:11)</subfield>
                        <subfield code="f">BIG</subfield>
                        <subfield code="c">BIG PP I 1458 M</subfield>
                    </datafield>
                    <datafield tag="949" ind1=" " ind2=" ">
                        <subfield code="a">1950668047</subfield>
                        <subfield code="b">Zeitschr</subfield>
                        <subfield code="h">ISSUE</subfield>
                        <subfield code="8">23331255450001791</subfield>
                        <subfield code="e">no 683 (2014)</subfield>
                        <subfield code="f">BIG</subfield>
                        <subfield code="c">BIG PP I 1458 M</subfield>
                    </datafield>
                    <datafield tag="949" ind1=" " ind2=" ">
                        <subfield code="a">1950668701</subfield>
                        <subfield code="b">Zeitschr</subfield>
                        <subfield code="h">ISSUE</subfield>
                        <subfield code="8">23337338480001791</subfield>
                        <subfield code="e">vol.709:no 717 (2015:06)</subfield>
                        <subfield code="f">BIG</subfield>
                        <subfield code="c">BIG PP I 1458 M</subfield>
                    </datafield>
                    <datafield tag="949" ind1=" " ind2=" ">
                        <subfield code="a">1950668662</subfield>
                        <subfield code="b">Zeitschr</subfield>
                        <subfield code="h">ISSUE</subfield>
                        <subfield code="8">23337179510001791</subfield>
                        <subfield code="e">vol.709:no 716 (2015:06)</subfield>
                        <subfield code="f">BIG</subfield>
                        <subfield code="c">BIG PP I 1458 M</subfield>
                    </datafield>
                    <datafield tag="949" ind1=" " ind2=" ">
                        <subfield code="a">1950668603</subfield>
                        <subfield code="b">Zeitschr</subfield>
                        <subfield code="h">ISSUE</subfield>
                        <subfield code="8">23336778220001791</subfield>
                        <subfield code="e">vol.709:no 713 (2015:04)</subfield>
                        <subfield code="f">BIG</subfield>
                        <subfield code="c">BIG PP I 1458 M</subfield>
                    </datafield>
                    <datafield tag="949" ind1=" " ind2=" ">
                        <subfield code="a">1950668360</subfield>
                        <subfield code="b">Zeitschr</subfield>
                        <subfield code="h">ISSUE</subfield>
                        <subfield code="8">23333598780001791</subfield>
                        <subfield code="e">:no 700 (2014)</subfield>
                        <subfield code="f">BIG</subfield>
                        <subfield code="c">BIG PP I 1458 M</subfield>
                    </datafield>
                    <datafield tag="949" ind1=" " ind2=" ">
                        <subfield code="a">1950668249</subfield>
                        <subfield code="b">Zeitschr</subfield>
                        <subfield code="h">ISSUE</subfield>
                        <subfield code="8">23332378490001791</subfield>
                        <subfield code="e">no 694(2014)</subfield>
                        <subfield code="f">BIG</subfield>
                        <subfield code="c">BIG PP I 1458 M</subfield>
                    </datafield>
                    <datafield tag="949" ind1=" " ind2=" ">
                        <subfield code="a">1950668232</subfield>
                        <subfield code="b">Zeitschr</subfield>
                        <subfield code="h">ISSUE</subfield>
                        <subfield code="8">23332207950001791</subfield>
                        <subfield code="e">no 693 (2014)</subfield>
                        <subfield code="f">BIG</subfield>
                        <subfield code="c">BIG PP I 1458 M</subfield>
                    </datafield>
                    <datafield tag="949" ind1=" " ind2=" ">
                        <subfield code="a">1950668783</subfield>
                        <subfield code="b">Zeitschr</subfield>
                        <subfield code="h">ISSUE</subfield>
                        <subfield code="8">23338647630001791</subfield>
                        <subfield code="e">vol.709:no 722 (2015:09)</subfield>
                        <subfield code="f">BIG</subfield>
                        <subfield code="c">BIG PP I 1458 M</subfield>
                    </datafield>
                    <datafield tag="949" ind1=" " ind2=" ">
                        <subfield code="a">1950668005</subfield>
                        <subfield code="b">Zeitschr</subfield>
                        <subfield code="h">ISSUE</subfield>
                        <subfield code="8">23330347660001791</subfield>
                        <subfield code="e">no 682 (2014)</subfield>
                        <subfield code="f">BIG</subfield>
                        <subfield code="c">BIG PP I 1458 M</subfield>
                    </datafield>
                    <datafield tag="949" ind1=" " ind2=" ">
                        <subfield code="a">1950668715</subfield>
                        <subfield code="b">Zeitschr</subfield>
                        <subfield code="h">ISSUE</subfield>
                        <subfield code="8">23337499100001791</subfield>
                        <subfield code="e">vol.709:no 718 (2015:07)</subfield>
                        <subfield code="f">BIG</subfield>
                        <subfield code="c">BIG PP I 1458 M</subfield>
                    </datafield>
                    <datafield tag="949" ind1=" " ind2=" ">
                        <subfield code="a">1950668182</subfield>
                        <subfield code="b">Zeitschr</subfield>
                        <subfield code="h">ISSUE</subfield>
                        <subfield code="8">23331999770001791</subfield>
                        <subfield code="e">no 691(2014)</subfield>
                        <subfield code="f">BIG</subfield>
                        <subfield code="c">BIG PP I 1458 M</subfield>
                    </datafield>
                    <datafield tag="949" ind1=" " ind2=" ">
                        <subfield code="a">1950668314</subfield>
                        <subfield code="b">Zeitschr</subfield>
                        <subfield code="h">ISSUE</subfield>
                        <subfield code="8">23333099670001791</subfield>
                        <subfield code="e">:no 697 (2014)</subfield>
                        <subfield code="f">BIG</subfield>
                        <subfield code="c">BIG PP I 1458 M</subfield>
                    </datafield>
                </record>
            </metadata>
        </record>