
        <record>
            <header>
                <identifier>oai:urm_publish:9912744114101791</identifier>
                <datestamp>2015-10-14T22:24:22Z</datestamp>
                <setSpec>OAI_Sbib</setSpec>
            </header>
            <metadata xmlns:xsi="http://www.w3.org/2001/XMLSchema-instance">
                <record xmlns="http://www.loc.gov/MARC21/slim"
                    xmlns:xsi="http://www.w3.org/2001/XMLSchema-instance"
                    xsi:schemaLocation="http://www.loc.gov/MARC21/slim http://www.loc.gov/standards/marcxml/schema/MARC21slim.xsd">
                    <leader>02577nas a22004452a 4500</leader>
                    <controlfield tag="005">20150127202532.0</controlfield>
                    <controlfield tag="008">131110c20029999sz br p f0 bb0fre d</controlfield>
                    <controlfield tag="001">9912744114101791</controlfield>
                    <datafield tag="035" ind1=" " ind2=" ">
                        <subfield code="a">vtls001274411-41big_inst</subfield>
                    </datafield>
                    <datafield tag="035" ind1=" " ind2=" ">
                        <subfield code="a">bv001274411</subfield>
                    </datafield>
                    <datafield tag="039" ind1=" " ind2="9">
                        <subfield code="a">201301241126</subfield>
                        <subfield code="b">afabig</subfield>
                        <subfield code="c">201209201409</subfield>
                        <subfield code="d">afabig</subfield>
                        <subfield code="c">201109051143</subfield>
                        <subfield code="d">nadbig</subfield>
                        <subfield code="c">201109051128</subfield>
                        <subfield code="d">nadbig</subfield>
                        <subfield code="y">200603131258</subfield>
                        <subfield code="z">nadbk</subfield>
                    </datafield>
                    <datafield tag="040" ind1=" " ind2=" ">
                        <subfield code="a">DKBD</subfield>
                        <subfield code="c">DKBD</subfield>
                    </datafield>
                    <datafield tag="041" ind1="0" ind2=" ">
                        <subfield code="a">fre</subfield>
                        <subfield code="a">ger</subfield>
                        <subfield code="a">ita</subfield>
                    </datafield>
                    <datafield tag="245" ind1="0" ind2="0">
                        <subfield code="a">Bulletin / Eidgenössisches Departement für auswärtige
                            Angelegenheiten EDA</subfield>
                        <subfield code="h">[Periodicum] =</subfield>
                        <subfield code="b">Bulletin / Département fédéral des affaires étrangères
                            DFAE = Bulletin / Dipartimento federale degli affari esteri
                            DFAE</subfield>
                    </datafield>
                    <datafield tag="246" ind1="3" ind2="1">
                        <subfield code="a">Département fédéral des affaires étrangères
                            DFAE</subfield>
                        <subfield code="h">[Periodicum]</subfield>
                    </datafield>
                    <datafield tag="246" ind1="3" ind2="1">
                        <subfield code="a">Bulletin / Dipartimento federale degli affari esteri
                            DFAE</subfield>
                        <subfield code="h">[Periodicum]</subfield>
                    </datafield>
                    <datafield tag="246" ind1="1" ind2="3">
                        <subfield code="i">Früherer Titel:</subfield>
                        <subfield code="a">Bulletin / EDA, Direktion für Ressourcen und
                            Aussennetz</subfield>
                        <subfield code="h">[Periodicum] =</subfield>
                        <subfield code="b">Bulletin / DFAE, Direction des ressources et du réseau
                            extérieur = Bulletin / DFAE, Direzione delle risorse e della rete
                            esterna</subfield>
                    </datafield>
                    <datafield tag="246" ind1="3" ind2="1">
                        <subfield code="a">Bulletin / DFAE, Direction des ressources et du réseau
                            extérieur</subfield>
                        <subfield code="h">[Periodicum]</subfield>
                    </datafield>
                    <datafield tag="246" ind1="3" ind2="1">
                        <subfield code="a">Bulletin / DFAE, Direzione delle risorse e della rete
                            esterna</subfield>
                        <subfield code="h">[Periodicum]</subfield>
                    </datafield>
                    <datafield tag="246" ind1="1" ind2="3">
                        <subfield code="a">Bolletino / DFAE, Direzione delle risorse e della rete
                            esterna</subfield>
                        <subfield code="h">[Periodicum]</subfield>
                    </datafield>
                    <datafield tag="246" ind1="1" ind2="3">
                        <subfield code="a">Bulletin / Eidgenössisches Departement für Auswärtige
                            Angelegenheiten, Direktion für Ressourcen</subfield>
                        <subfield code="h">[Periodicum]</subfield>
                    </datafield>
                    <datafield tag="246" ind1="1" ind2="3">
                        <subfield code="a">Bulletin / EDA, DR</subfield>
                        <subfield code="h">[Periodicum]</subfield>
                    </datafield>
                    <datafield tag="246" ind1="1" ind2="1">
                        <subfield code="a">Bulletin / Département fédéral des affaires étrangères,
                            Direction des ressources</subfield>
                        <subfield code="h">[Periodicum]</subfield>
                    </datafield>
                    <datafield tag="246" ind1="1" ind2="1">
                        <subfield code="a">Bulletin / DFAE, DR</subfield>
                        <subfield code="h">[Periodicum]</subfield>
                    </datafield>
                    <datafield tag="246" ind1="1" ind2="1">
                        <subfield code="a">Bulletin / Dipartimento federale degli affari esteri,
                            Direzione delle risorse</subfield>
                        <subfield code="h">[Periodicum]</subfield>
                    </datafield>
                    <datafield tag="260" ind1=" " ind2=" ">
                        <subfield code="a">Bern :</subfield>
                        <subfield code="b">EDA, Direktion für Ressourcen und Aussennetz,</subfield>
                        <subfield code="c">[2002?]-</subfield>
                    </datafield>
                    <datafield tag="260" ind1="3" ind2=" ">
                        <subfield code="a">Bern :</subfield>
                        <subfield code="b">EDA, Direktion für Ressourcen</subfield>
                    </datafield>
                    <datafield tag="300" ind1=" " ind2=" ">
                        <subfield code="c">30 cm</subfield>
                    </datafield>
                    <datafield tag="310" ind1=" " ind2=" ">
                        <subfield code="a">6x jährl.</subfield>
                    </datafield>
                    <datafield tag="321" ind1=" " ind2=" ">
                        <subfield code="a">12x jährl.</subfield>
                    </datafield>
                    <datafield tag="362" ind1="0" ind2=" ">
                        <subfield code="a">[2002,1?]</subfield>
                    </datafield>
                    <datafield tag="650" ind1=" " ind2="7">
                        <subfield code="a">Aussenpolitik</subfield>
                        <subfield code="2">[midonas]</subfield>
                    </datafield>
                    <datafield tag="650" ind1=" " ind2="7">
                        <subfield code="a">Ressourcen</subfield>
                        <subfield code="2">[midonas]</subfield>
                    </datafield>
                    <datafield tag="650" ind1=" " ind2="7">
                        <subfield code="a">Bund</subfield>
                        <subfield code="2">[midonas]</subfield>
                    </datafield>
                    <datafield tag="710" ind1="1" ind2=" ">
                        <subfield code="a">Schweiz.</subfield>
                        <subfield code="b">Eidgenössisches Departement für Auswärtige
                            Angelegenheiten.</subfield>
                        <subfield code="b">Direktion für Ressourcen und Aussennetz</subfield>
                    </datafield>
                    <datafield tag="710" ind1="1" ind2=" ">
                        <subfield code="a">Schweiz.</subfield>
                        <subfield code="b">Eidgenössisches Departement für Auswärtige
                            Angelegenheiten.</subfield>
                        <subfield code="b">Direktion für Ressourcen</subfield>
                    </datafield>
                    <datafield tag="780" ind1="0" ind2="0">
                        <subfield code="t">GS Bulletin</subfield>
                    </datafield>
                    <datafield tag="891" ind1="2" ind2=" ">
                        <subfield code="9">853</subfield>
                        <subfield code="8">2</subfield>
                        <subfield code="a">(year)</subfield>
                        <subfield code="b">(Nr.)</subfield>
                        <subfield code="u">6</subfield>
                        <subfield code="v">r</subfield>
                        <subfield code="w">b</subfield>
                    </datafield>
                    <datafield tag="999" ind1=" " ind2=" ">
                        <subfield code="a">kat10per</subfield>
                        <subfield code="b">000000</subfield>
                        <subfield code="c">10</subfield>
                    </datafield>
                    <datafield tag="999" ind1=" " ind2=" ">
                        <subfield code="a">kat05per</subfield>
                        <subfield code="b">2011/09</subfield>
                    </datafield>
                    <datafield tag="852" ind1="#" ind2=" ">
                        <subfield code="b">BIG</subfield>
                        <subfield code="c">Magazin1</subfield>
                        <subfield code="h">BIG PP I 1562 M a</subfield>
                        <subfield code="8">22298563260001791</subfield>
                    </datafield>
                    <datafield tag="866" ind1=" " ind2="0">
                        <subfield code="a">wird nicht aufbewahrt</subfield>
                        <subfield code="8">1</subfield>
                        <subfield code="8">22298563260001791</subfield>
                    </datafield>
                    <datafield tag="852" ind1=" " ind2=" ">
                        <subfield code="b">BIG</subfield>
                        <subfield code="c">Magazin1</subfield>
                        <subfield code="h">BIG PP I 1562 M</subfield>
                        <subfield code="8">22298563270001791</subfield>
                    </datafield>
                    <datafield tag="866" ind1=" " ind2="0">
                        <subfield code="a">2008 - 2012u; 2013-</subfield>
                        <subfield code="8">1</subfield>
                        <subfield code="8">22298563270001791</subfield>
                    </datafield>
                    <datafield tag="852" ind1="8" ind2=" ">
                        <subfield code="b">BIG</subfield>
                        <subfield code="c">ARZS</subfield>
                        <subfield code="h">BIG AR</subfield>
                        <subfield code="8">22298563190001791</subfield>
                    </datafield>
                    <datafield tag="852" ind1="#" ind2=" ">
                        <subfield code="b">BIG</subfield>
                        <subfield code="c">Magazin1</subfield>
                        <subfield code="h">BIG PP I 1562 M b</subfield>
                        <subfield code="8">22298563220001791</subfield>
                    </datafield>
                    <datafield tag="866" ind1=" " ind2="0">
                        <subfield code="a">wird nicht aufbewahrt</subfield>
                        <subfield code="8">1</subfield>
                        <subfield code="8">22298563220001791</subfield>
                    </datafield>
                    <datafield tag="949" ind1=" " ind2=" ">
                        <subfield code="a">1950668123</subfield>
                        <subfield code="b">Magazin1</subfield>
                        <subfield code="h">ISSUE</subfield>
                        <subfield code="8">23331726830001791</subfield>
                        <subfield code="e">Nr. 2 (2014)</subfield>
                        <subfield code="f">BIG</subfield>
                        <subfield code="c">BIG PP I 1562 M</subfield>
                    </datafield>
                    <datafield tag="949" ind1=" " ind2=" ">
                        <subfield code="a">1950668824</subfield>
                        <subfield code="b">Magazin1</subfield>
                        <subfield code="h">ISSUE</subfield>
                        <subfield code="8">23338929540001791</subfield>
                        <subfield code="e">vol.1:no 5 (2015:10)</subfield>
                        <subfield code="f">BIG</subfield>
                        <subfield code="c">BIG PP I 1562 M</subfield>
                    </datafield>
                    <datafield tag="949" ind1=" " ind2=" ">
                        <subfield code="a">ITEM3086116</subfield>
                        <subfield code="b">ARZS</subfield>
                        <subfield code="h">ISSUE</subfield>
                        <subfield code="8">23331255820001791</subfield>
                        <subfield code="e">05 / 2015</subfield>
                        <subfield code="f">BIG</subfield>
                        <subfield code="c">BIG AR</subfield>
                    </datafield>
                    <datafield tag="949" ind1=" " ind2=" ">
                        <subfield code="a">1950668048</subfield>
                        <subfield code="b">Magazin1</subfield>
                        <subfield code="h">ISSUE</subfield>
                        <subfield code="8">23331255360001791</subfield>
                        <subfield code="e">Nr. 1 (2014)</subfield>
                        <subfield code="f">BIG</subfield>
                        <subfield code="c">BIG PP I 1562 M</subfield>
                    </datafield>
                    <datafield tag="949" ind1=" " ind2=" ">
                        <subfield code="a">1950668234</subfield>
                        <subfield code="b">Magazin1</subfield>
                        <subfield code="h">ISSUE</subfield>
                        <subfield code="8">23332202000001791</subfield>
                        <subfield code="e">Nr. 3 (2014)</subfield>
                        <subfield code="f">BIG</subfield>
                        <subfield code="c">BIG PP I 1562 M</subfield>
                    </datafield>
                    <datafield tag="949" ind1=" " ind2=" ">
                        <subfield code="a">1950682452</subfield>
                        <subfield code="b">Magazin1</subfield>
                        <subfield code="h">ISSUE</subfield>
                        <subfield code="8">23334259980001791</subfield>
                        <subfield code="e">vol.1:no 1 (2015)</subfield>
                        <subfield code="f">BIG</subfield>
                        <subfield code="c">BIG PP I 1562 M</subfield>
                    </datafield>
                    <datafield tag="949" ind1=" " ind2=" ">
                        <subfield code="a">ITEM3086216</subfield>
                        <subfield code="b">Magazin1</subfield>
                        <subfield code="h">ISSUE</subfield>
                        <subfield code="8">23331255340001791</subfield>
                        <subfield code="e">vol.2015:no 5 (2015:10)</subfield>
                        <subfield code="f">BIG</subfield>
                        <subfield code="c">BIG PP I 1562 M a</subfield>
                    </datafield>
                    <datafield tag="949" ind1=" " ind2=" ">
                        <subfield code="a">1950668694</subfield>
                        <subfield code="b">Magazin1</subfield>
                        <subfield code="h">ISSUE</subfield>
                        <subfield code="8">23337228170001791</subfield>
                        <subfield code="e">vol.1:no 3 (2015:06)</subfield>
                        <subfield code="f">BIG</subfield>
                        <subfield code="c">BIG PP I 1562 M</subfield>
                    </datafield>
                    <datafield tag="949" ind1=" " ind2=" ">
                        <subfield code="a">ITEM3086217</subfield>
                        <subfield code="b">Magazin1</subfield>
                        <subfield code="h">ISSUE</subfield>
                        <subfield code="8">23331255330001791</subfield>
                        <subfield code="e">vol.2015:no 5 (2015:10)</subfield>
                        <subfield code="f">BIG</subfield>
                        <subfield code="c">BIG PP I 1562 M b</subfield>
                    </datafield>
                    <datafield tag="949" ind1=" " ind2=" ">
                        <subfield code="a">1950668306</subfield>
                        <subfield code="b">Magazin1</subfield>
                        <subfield code="h">ISSUE</subfield>
                        <subfield code="8">23332851760001791</subfield>
                        <subfield code="e">Nr. 4 (2014)</subfield>
                        <subfield code="f">BIG</subfield>
                        <subfield code="c">BIG PP I 1562 M</subfield>
                    </datafield>
                    <datafield tag="949" ind1=" " ind2=" ">
                        <subfield code="a">1950668764</subfield>
                        <subfield code="b">Magazin1</subfield>
                        <subfield code="h">ISSUE</subfield>
                        <subfield code="8">23338268510001791</subfield>
                        <subfield code="e">vol.1:no 4 (2015:08)</subfield>
                        <subfield code="f">BIG</subfield>
                        <subfield code="c">BIG PP I 1562 M</subfield>
                    </datafield>
                    <datafield tag="949" ind1=" " ind2=" ">
                        <subfield code="a">1950668367</subfield>
                        <subfield code="b">Magazin1</subfield>
                        <subfield code="h">ISSUE</subfield>
                        <subfield code="8">23333596180001791</subfield>
                        <subfield code="e">Nr. 5 (2014)</subfield>
                        <subfield code="f">BIG</subfield>
                        <subfield code="c">BIG PP I 1562 M</subfield>
                    </datafield>
                    <datafield tag="949" ind1=" " ind2=" ">
                        <subfield code="a">1950668542</subfield>
                        <subfield code="b">Magazin1</subfield>
                        <subfield code="h">ISSUE</subfield>
                        <subfield code="8">23334837350001791</subfield>
                        <subfield code="e">no 6 (2014)</subfield>
                        <subfield code="f">BIG</subfield>
                        <subfield code="c">BIG PP I 1562 M</subfield>
                    </datafield>
                    <datafield tag="949" ind1=" " ind2=" ">
                        <subfield code="a">1950668616</subfield>
                        <subfield code="b">Magazin1</subfield>
                        <subfield code="h">ISSUE</subfield>
                        <subfield code="8">23336819120001791</subfield>
                        <subfield code="e">vol.1:no 2 (2015:04)</subfield>
                        <subfield code="f">BIG</subfield>
                        <subfield code="c">BIG PP I 1562 M</subfield>
                    </datafield>
                </record>
            </metadata>
        </record>