
        <record>
            <header>
                <identifier>oai:urm_publish:994064664101791</identifier>
                <datestamp>2015-10-14T22:24:22Z</datestamp>
                <setSpec>OAI_Sbib</setSpec>
            </header>
            <metadata xmlns:xsi="http://www.w3.org/2001/XMLSchema-instance">
                <record xmlns="http://www.loc.gov/MARC21/slim"
                    xmlns:xsi="http://www.w3.org/2001/XMLSchema-instance"
                    xsi:schemaLocation="http://www.loc.gov/MARC21/slim http://www.loc.gov/standards/marcxml/schema/MARC21slim.xsd">
                    <leader>02823nas a2200553 a 4500</leader>
                    <controlfield tag="005">20150127140250.0</controlfield>
                    <controlfield tag="008">131110c18699999xxkwnzp 0 a0eng d</controlfield>
                    <controlfield tag="001">994064664101791</controlfield>
                    <datafield tag="022" ind1=" " ind2=" ">
                        <subfield code="a">0028-0836</subfield>
                        <subfield code="z">0302-2889</subfield>
                    </datafield>
                    <datafield tag="035" ind1=" " ind2=" ">
                        <subfield code="a">vtls000406466-41big_inst</subfield>
                    </datafield>
                    <datafield tag="035" ind1=" " ind2=" ">
                        <subfield code="a">bv80047950</subfield>
                    </datafield>
                    <datafield tag="039" ind1=" " ind2=" ">
                        <subfield code="b">01-98</subfield>
                        <subfield code="b">32-138</subfield>
                    </datafield>
                    <datafield tag="039" ind1=" " ind2="9">
                        <subfield code="a">201211201555</subfield>
                        <subfield code="b">hbabig</subfield>
                        <subfield code="c">201209241201</subfield>
                        <subfield code="d">afabig</subfield>
                        <subfield code="c">201105150025</subfield>
                        <subfield code="d">VLOAD</subfield>
                        <subfield code="c">200704241718</subfield>
                        <subfield code="d">nadbk</subfield>
                        <subfield code="y">200305291256</subfield>
                        <subfield code="z">load0198</subfield>
                    </datafield>
                    <datafield tag="040" ind1=" " ind2=" ">
                        <subfield code="a">DLC</subfield>
                        <subfield code="c">SWS</subfield>
                    </datafield>
                    <datafield tag="210" ind1="0" ind2=" ">
                        <subfield code="a">Nature</subfield>
                        <subfield code="b">(Lond.)</subfield>
                    </datafield>
                    <datafield tag="245" ind1="0" ind2="0">
                        <subfield code="a">Nature</subfield>
                        <subfield code="h">[Periodicum] :</subfield>
                        <subfield code="b">the international weekly journal of science</subfield>
                    </datafield>
                    <datafield tag="260" ind1=" " ind2=" ">
                        <subfield code="a">London :</subfield>
                        <subfield code="b">Macmillan :</subfield>
                        <subfield code="b">[dann] Nature Publishing Group,</subfield>
                        <subfield code="c">1869-</subfield>
                    </datafield>
                    <datafield tag="300" ind1=" " ind2=" ">
                        <subfield code="a">v.</subfield>
                        <subfield code="b">ill. (part col.) ports.</subfield>
                        <subfield code="c">26-28 cm.</subfield>
                    </datafield>
                    <datafield tag="310" ind1=" " ind2=" ">
                        <subfield code="a">Weekly, except last week in Dec.,</subfield>
                        <subfield code="b">1981-</subfield>
                    </datafield>
                    <datafield tag="362" ind1="0" ind2=" ">
                        <subfield code="a">v. 1- Nov. 4, 1869-</subfield>
                    </datafield>
                    <datafield tag="500" ind1=" " ind2=" ">
                        <subfield code="a">Founded and for many years edited by Sir J. N.
                            Lockyer</subfield>
                    </datafield>
                    <datafield tag="510" ind1="1" ind2=" ">
                        <subfield code="a">General science index</subfield>
                        <subfield code="x">0162-1963</subfield>
                    </datafield>
                    <datafield tag="510" ind1="2" ind2=" ">
                        <subfield code="a">Abstract bulletin of the Institute of Paper
                            Chemistry</subfield>
                        <subfield code="x">0020-3033</subfield>
                    </datafield>
                    <datafield tag="510" ind1="2" ind2=" ">
                        <subfield code="a">Art and archaeology technical abstracts</subfield>
                        <subfield code="x">0004-2994</subfield>
                    </datafield>
                    <datafield tag="510" ind1="2" ind2=" ">
                        <subfield code="a">BioBusiness</subfield>
                        <subfield code="b">1988-</subfield>
                    </datafield>
                    <datafield tag="510" ind1="2" ind2=" ">
                        <subfield code="a">Biological abstracts</subfield>
                        <subfield code="x">0006-3169</subfield>
                    </datafield>
                    <datafield tag="510" ind1="2" ind2=" ">
                        <subfield code="a">Book review index</subfield>
                        <subfield code="x">0524-0581</subfield>
                    </datafield>
                    <datafield tag="510" ind1="2" ind2=" ">
                        <subfield code="a">Chemical abstracts</subfield>
                        <subfield code="x">0009-2258</subfield>
                    </datafield>
                    <datafield tag="510" ind1="2" ind2=" ">
                        <subfield code="a">GeoRef</subfield>
                        <subfield code="x">0197-7482</subfield>
                    </datafield>
                    <datafield tag="510" ind1="2" ind2=" ">
                        <subfield code="a">Index medicus</subfield>
                        <subfield code="x">0019-3879</subfield>
                    </datafield>
                    <datafield tag="510" ind1="2" ind2=" ">
                        <subfield code="a">International aerospace abstracts</subfield>
                        <subfield code="x">0020-5842</subfield>
                    </datafield>
                    <datafield tag="510" ind1="2" ind2=" ">
                        <subfield code="a">Metals abstracts</subfield>
                        <subfield code="x">0026-0924</subfield>
                    </datafield>
                    <datafield tag="510" ind1="2" ind2=" ">
                        <subfield code="a">Psychological abstracts</subfield>
                        <subfield code="x">0033-2887</subfield>
                        <subfield code="b">1928-</subfield>
                    </datafield>
                    <datafield tag="510" ind1="2" ind2=" ">
                        <subfield code="a">Reference sources</subfield>
                        <subfield code="x">0163-3546</subfield>
                    </datafield>
                    <datafield tag="510" ind1="2" ind2=" ">
                        <subfield code="a">Selected water resources abstracts</subfield>
                        <subfield code="x">0037-136X</subfield>
                    </datafield>
                    <datafield tag="525" ind1=" " ind2=" ">
                        <subfield code="a">Supplements accompany many numbers</subfield>
                    </datafield>
                    <datafield tag="580" ind1=" " ind2=" ">
                        <subfield code="a">Vol. 229-246, Jan. 1971-Dec. 1973, issued in three parts.
                            The two new parts, Nature: new biology, and Nature: physical sciences,
                            continued the volume numbering of Nature in addition to carrying their
                            own issue numbering. With vol. 246, Dec. 1973, Nature: new biology, and
                            Nature: physical sciences, ceased publication and were absorbed by
                            Nature</subfield>
                    </datafield>
                    <datafield tag="580" ind1=" " ind2=" ">
                        <subfield code="a">Beginning in 1994 complemented by Nature structural
                            biology, which consists of articles on structural biology for a more
                            specialist audience</subfield>
                    </datafield>
                    <datafield tag="580" ind1=" " ind2=" ">
                        <subfield code="a">Editorially independent from the journal Nature cell
                            biology, but shares with that journal referees' comments on submitted
                            articles, May 1999-</subfield>
                    </datafield>
                    <datafield tag="700" ind1="1" ind2=" ">
                        <subfield code="a">Lockyer, Norman,</subfield>
                        <subfield code="c">Sir</subfield>
                    </datafield>
                    <datafield tag="787" ind1="1" ind2=" ">
                        <subfield code="t">Nature. Physical science</subfield>
                        <subfield code="c">(London)</subfield>
                        <subfield code="x">0300-8746</subfield>
                    </datafield>
                    <datafield tag="787" ind1="1" ind2=" ">
                        <subfield code="t">Nature. New biology</subfield>
                        <subfield code="x">0369-4887</subfield>
                    </datafield>
                    <datafield tag="787" ind1="1" ind2=" ">
                        <subfield code="t">Nature structural biology</subfield>
                        <subfield code="g">1994-</subfield>
                        <subfield code="x">1072-8368</subfield>
                    </datafield>
                    <datafield tag="787" ind1="1" ind2=" ">
                        <subfield code="t">Nature cell biology</subfield>
                        <subfield code="g">May 1999-</subfield>
                        <subfield code="x">1465-7392</subfield>
                    </datafield>
                    <datafield tag="856" ind1="4" ind2=" ">
                        <subfield code="u">http://www.nature.com/</subfield>
                    </datafield>
                    <datafield tag="890" ind1=" " ind2=" ">
                        <subfield code="a">Nature.</subfield>
                        <subfield code="i">12-37118</subfield>
                    </datafield>
                    <datafield tag="890" ind1=" " ind2=" ">
                        <subfield code="a">Nature</subfield>
                    </datafield>
                    <datafield tag="891" ind1="2" ind2=" ">
                        <subfield code="9">853</subfield>
                        <subfield code="8">3</subfield>
                        <subfield code="a">(vol.)</subfield>
                        <subfield code="u">6</subfield>
                        <subfield code="v">c</subfield>
                        <subfield code="g">no.</subfield>
                        <subfield code="v">c</subfield>
                        <subfield code="i">(year)</subfield>
                        <subfield code="j">(month)</subfield>
                        <subfield code="k">(day)</subfield>
                        <subfield code="w">w</subfield>
                        <subfield code="x">0101,0301,0501,0701,0901,1101</subfield>
                        <subfield code="y">ow1299</subfield>
                    </datafield>
                    <datafield tag="891" ind1="2" ind2=" ">
                        <subfield code="9">853</subfield>
                        <subfield code="8">2</subfield>
                        <subfield code="a">no.</subfield>
                        <subfield code="u">51</subfield>
                        <subfield code="v">c</subfield>
                        <subfield code="i">(year)</subfield>
                        <subfield code="j">(month)</subfield>
                        <subfield code="k">(day)</subfield>
                        <subfield code="w">w</subfield>
                        <subfield code="y">ow1299</subfield>
                    </datafield>
                    <datafield tag="852" ind1="#" ind2=" ">
                        <subfield code="b">BIG</subfield>
                        <subfield code="c">BBTEF27</subfield>
                        <subfield code="h">BIG BBT ZB-4</subfield>
                        <subfield code="8">22304497840001791</subfield>
                    </datafield>
                    <datafield tag="866" ind1=" " ind2=" ">
                        <subfield code="a">2004, 2005 icplt.: bis Ende Sept. 2005
                            vorhanden</subfield>
                        <subfield code="8">1</subfield>
                        <subfield code="8">22304497840001791</subfield>
                    </datafield>
                    <datafield tag="852" ind1="#" ind2=" ">
                        <subfield code="b">BIG</subfield>
                        <subfield code="c">vSWTR</subfield>
                        <subfield code="h">BIG SWTR NATURE</subfield>
                        <subfield code="8">22304497830001791</subfield>
                    </datafield>
                    <datafield tag="866" ind1=" " ind2=" ">
                        <subfield code="a">1987-2009 ; 2010(unvollst.)</subfield>
                        <subfield code="8">1</subfield>
                        <subfield code="8">22304497830001791</subfield>
                    </datafield>
                    <datafield tag="866" ind1=" " ind2=" ">
                        <subfield code="a">Fehlt: Nr. 6116, 6117 (1987) ; Nr. 6190 (1988) ; Nr. 6448
                            (1993) ; Nr. 7138 (2007) ; Nr. 7217 (2008)</subfield>
                        <subfield code="8">1.1</subfield>
                        <subfield code="8">22304497830001791</subfield>
                    </datafield>
                    <datafield tag="852" ind1="8" ind2=" ">
                        <subfield code="b">BAG</subfield>
                        <subfield code="c">WIS</subfield>
                        <subfield code="h">BAG</subfield>
                        <subfield code="8">22304497860001791</subfield>
                    </datafield>
                    <datafield tag="866" ind1=" " ind2="0">
                        <subfield code="a">WIS (5 Jg.) ; Papier abbest. seit 2013 (Nur Online via
                            Konsortium)</subfield>
                        <subfield code="8">1</subfield>
                        <subfield code="8">22304497860001791</subfield>
                    </datafield>
                    <datafield tag="852" ind1="8" ind2=" ">
                        <subfield code="b">BIG</subfield>
                        <subfield code="c">Zeitschr</subfield>
                        <subfield code="h">BIG PP I 826</subfield>
                        <subfield code="8">22304497890001791</subfield>
                    </datafield>
                    <datafield tag="866" ind1=" " ind2="0">
                        <subfield code="a">Laufender Jg.</subfield>
                        <subfield code="8">1</subfield>
                        <subfield code="8">22304497890001791</subfield>
                    </datafield>
                    <datafield tag="949" ind1=" " ind2=" ">
                        <subfield code="a">ITEM3108316</subfield>
                        <subfield code="b">Zeitschr</subfield>
                        <subfield code="h">ISSUE</subfield>
                        <subfield code="8">23331318000001791</subfield>
                        <subfield code="e">vol.526:no.7572 (2015:Oct)</subfield>
                        <subfield code="f">BIG</subfield>
                        <subfield code="c">BIG PP I 826</subfield>
                    </datafield>
                </record>
            </metadata>
        </record>