
        <record>
            <header>
                <identifier>oai:urm_publish:9925822904401791</identifier>
                <datestamp>2015-10-14T22:24:22Z</datestamp>
                <setSpec>OAI_Sbib</setSpec>
            </header>
            <metadata xmlns:xsi="http://www.w3.org/2001/XMLSchema-instance">
                <record xmlns="http://www.loc.gov/MARC21/slim"
                    xmlns:xsi="http://www.w3.org/2001/XMLSchema-instance"
                    xsi:schemaLocation="http://www.loc.gov/MARC21/slim http://www.loc.gov/standards/marcxml/schema/MARC21slim.xsd">
                    <leader>01015nam a2200265 a 4500</leader>
                    <controlfield tag="005">20150929100824.0</controlfield>
                    <controlfield tag="008">150304s2015 sz ||| |||| 000 0 ita d</controlfield>
                    <controlfield tag="001">9925822904401791</controlfield>
                    <datafield tag="020" ind1=" " ind2=" ">
                        <subfield code="a">9788877136961</subfield>
                    </datafield>
                    <datafield tag="035" ind1=" " ind2=" ">
                        <subfield code="a">bv9925822904401791</subfield>
                    </datafield>
                    <datafield tag="040" ind1=" " ind2=" ">
                        <subfield code="a">BAG</subfield>
                        <subfield code="c">BAG</subfield>
                    </datafield>
                    <datafield tag="041" ind1="0" ind2=" ">
                        <subfield code="a">ita</subfield>
                        <subfield code="a">fre</subfield>
                        <subfield code="a">ger</subfield>
                    </datafield>
                    <datafield tag="100" ind1="1" ind2=" ">
                        <subfield code="a">Snozzi, Alfredo</subfield>
                    </datafield>
                    <datafield tag="245" ind1="1" ind2="0">
                        <subfield code="a">Lessico giuridico :</subfield>
                        <subfield code="b">italiano - tedesco - francese : definizioni e
                            contestualizzazione di oltre 10'000 termini = Juristisches Lexikon :
                            deutsch - französisch - italienisch = Lexique juridique : français -
                            allemand - italien /</subfield>
                        <subfield code="c">Alfredo Snozzi</subfield>
                    </datafield>
                    <datafield tag="246" ind1="3" ind2="1">
                        <subfield code="a">Juristisches Lexikon</subfield>
                    </datafield>
                    <datafield tag="246" ind1="3" ind2="1">
                        <subfield code="a">Lexique juridique</subfield>
                    </datafield>
                    <datafield tag="260" ind1=" " ind2=" ">
                        <subfield code="a">Bellinzona :</subfield>
                        <subfield code="b">Edizioni Casagrande [etc.],</subfield>
                        <subfield code="c">2015</subfield>
                    </datafield>
                    <datafield tag="300" ind1=" " ind2=" ">
                        <subfield code="a">1326 p. ;</subfield>
                        <subfield code="c">25 cm</subfield>
                    </datafield>
                    <datafield tag="650" ind1=" " ind2="7">
                        <subfield code="a">Deutsch</subfield>
                        <subfield code="0">(DE-588)4113292-0</subfield>
                        <subfield code="2">gnd</subfield>
                    </datafield>
                    <datafield tag="650" ind1=" " ind2="7">
                        <subfield code="a">Französisch</subfield>
                        <subfield code="0">(DE-588)4113615-9</subfield>
                        <subfield code="2">gnd</subfield>
                    </datafield>
                    <datafield tag="650" ind1=" " ind2="7">
                        <subfield code="a">Italienisch</subfield>
                        <subfield code="0">(DE-588)4114056-4</subfield>
                        <subfield code="2">gnd</subfield>
                    </datafield>
                    <datafield tag="650" ind1=" " ind2="7">
                        <subfield code="a">Recht</subfield>
                        <subfield code="0">(DE-588)4048737-4</subfield>
                        <subfield code="2">gnd</subfield>
                    </datafield>
                    <datafield tag="655" ind1=" " ind2="7">
                        <subfield code="a">Wörterbuch &lt;mehrsprachig&gt;</subfield>
                        <subfield code="2">gnd</subfield>
                    </datafield>
                    <datafield tag="999" ind1=" " ind2=" ">
                        <subfield code="a">bib05dex</subfield>
                    </datafield>
                    <datafield tag="999" ind1=" " ind2=" ">
                        <subfield code="a">bib05pres</subfield>
                    </datafield>
                    <datafield tag="852" ind1="8" ind2=" ">
                        <subfield code="b">BIG</subfield>
                        <subfield code="c">DEXMONO</subfield>
                        <subfield code="h">BIG DEX 2760</subfield>
                        <subfield code="8">22338769200001791</subfield>
                    </datafield>
                    <datafield tag="852" ind1="8" ind2=" ">
                        <subfield code="b">BIG</subfield>
                        <subfield code="c">DEXMONO</subfield>
                        <subfield code="8">22338817050001791</subfield>
                    </datafield>
                    <datafield tag="852" ind1="8" ind2=" ">
                        <subfield code="b">BIG</subfield>
                        <subfield code="c">ESTVSTS</subfield>
                        <subfield code="8">22338844720001791</subfield>
                    </datafield>
                    <datafield tag="852" ind1="8" ind2=" ">
                        <subfield code="b">BIG</subfield>
                        <subfield code="c">DEXMONO</subfield>
                        <subfield code="h">BIG DEX 2558</subfield>
                        <subfield code="8">22338065370001791</subfield>
                    </datafield>
                    <datafield tag="852" ind1="8" ind2=" ">
                        <subfield code="b">BAG</subfield>
                        <subfield code="c">Sprachd</subfield>
                        <subfield code="8">22335209160001791</subfield>
                    </datafield>
                    <datafield tag="852" ind1="8" ind2=" ">
                        <subfield code="b">BIG</subfield>
                        <subfield code="c">DEXMONO</subfield>
                        <subfield code="h">BIG DEX 2759</subfield>
                        <subfield code="8">22338545410001791</subfield>
                    </datafield>
                    <datafield tag="852" ind1="8" ind2=" ">
                        <subfield code="b">BIG</subfield>
                        <subfield code="c">DEXMONO</subfield>
                        <subfield code="h">BIG DEX 2561</subfield>
                        <subfield code="8">22338077960001791</subfield>
                    </datafield>
                    <datafield tag="852" ind1="4" ind2=" ">
                        <subfield code="b">BIG</subfield>
                        <subfield code="c">EGPraesenz</subfield>
                        <subfield code="h">BIG NPB 260 30</subfield>
                        <subfield code="8">22338509830001791</subfield>
                    </datafield>
                    <datafield tag="852" ind1="8" ind2=" ">
                        <subfield code="b">BIG</subfield>
                        <subfield code="c">DEXMONO</subfield>
                        <subfield code="h">BIG DEX 2557</subfield>
                        <subfield code="8">22338065390001791</subfield>
                    </datafield>
                    <datafield tag="949" ind1=" " ind2=" ">
                        <subfield code="a">1950613985</subfield>
                        <subfield code="b">EGPraesenz</subfield>
                        <subfield code="h">BOOK</subfield>
                        <subfield code="8">23338509820001791</subfield>
                        <subfield code="f">BIG</subfield>
                        <subfield code="c">BIG NPB 260 30</subfield>
                    </datafield>
                    <datafield tag="949" ind1=" " ind2=" ">
                        <subfield code="a">ITEM3149734</subfield>
                        <subfield code="b">DEXMONO</subfield>
                        <subfield code="h">BOOK</subfield>
                        <subfield code="8">23338817040001791</subfield>
                        <subfield code="f">BIG</subfield>
                    </datafield>
                    <datafield tag="949" ind1=" " ind2=" ">
                        <subfield code="a">ITEM3150024</subfield>
                        <subfield code="b">DEXMONO</subfield>
                        <subfield code="h">BOOK</subfield>
                        <subfield code="8">23338937560001791</subfield>
                        <subfield code="f">BIG</subfield>
                    </datafield>
                    <datafield tag="949" ind1=" " ind2=" ">
                        <subfield code="a">1950687997</subfield>
                        <subfield code="b">DEXMONO</subfield>
                        <subfield code="h">BOOK</subfield>
                        <subfield code="8">23338077950001791</subfield>
                        <subfield code="f">BIG</subfield>
                        <subfield code="c">BIG DEX 2561</subfield>
                    </datafield>
                    <datafield tag="949" ind1=" " ind2=" ">
                        <subfield code="a">ITEM3150023</subfield>
                        <subfield code="b">DEXMONO</subfield>
                        <subfield code="h">BOOK</subfield>
                        <subfield code="8">23338937570001791</subfield>
                        <subfield code="f">BIG</subfield>
                    </datafield>
                    <datafield tag="949" ind1=" " ind2=" ">
                        <subfield code="a">1950726055</subfield>
                        <subfield code="b">DEXMONO</subfield>
                        <subfield code="h">BOOK</subfield>
                        <subfield code="8">23338545390001791</subfield>
                        <subfield code="f">BIG</subfield>
                        <subfield code="c">BIG DEX 2759</subfield>
                    </datafield>
                    <datafield tag="949" ind1=" " ind2=" ">
                        <subfield code="a">ITEM3127963</subfield>
                        <subfield code="b">Sprachd</subfield>
                        <subfield code="h">BOOK</subfield>
                        <subfield code="8">23335209150001791</subfield>
                        <subfield code="f">BAG</subfield>
                    </datafield>
                    <datafield tag="949" ind1=" " ind2=" ">
                        <subfield code="a">1950687992</subfield>
                        <subfield code="b">DEXMONO</subfield>
                        <subfield code="8">23338065380001791</subfield>
                        <subfield code="f">BIG</subfield>
                        <subfield code="c">BIG DEX 2557</subfield>
                    </datafield>
                    <datafield tag="949" ind1=" " ind2=" ">
                        <subfield code="a">1950726056</subfield>
                        <subfield code="b">DEXMONO</subfield>
                        <subfield code="h">BOOK</subfield>
                        <subfield code="8">23338545400001791</subfield>
                        <subfield code="f">BIG</subfield>
                        <subfield code="c">BIG DEX 2760</subfield>
                    </datafield>
                    <datafield tag="949" ind1=" " ind2=" ">
                        <subfield code="a">1950687993</subfield>
                        <subfield code="b">DEXMONO</subfield>
                        <subfield code="8">23338065330001791</subfield>
                        <subfield code="f">BIG</subfield>
                        <subfield code="c">BIG DEX 2558</subfield>
                    </datafield>
                    <datafield tag="949" ind1=" " ind2=" ">
                        <subfield code="a">ITEM3149900</subfield>
                        <subfield code="b">ESTVSTS</subfield>
                        <subfield code="h">BOOK</subfield>
                        <subfield code="8">23338844710001791</subfield>
                        <subfield code="f">BIG</subfield>
                    </datafield>
                </record>
            </metadata>
        </record>