
        <record>
            <header>
                <identifier>oai:urm_publish:9925824203801791</identifier>
                <datestamp>2015-10-14T22:24:22Z</datestamp>
                <setSpec>OAI_Sbib</setSpec>
            </header>
            <metadata xmlns:xsi="http://www.w3.org/2001/XMLSchema-instance">
                <record xmlns="http://www.loc.gov/MARC21/slim"
                    xmlns:xsi="http://www.w3.org/2001/XMLSchema-instance"
                    xsi:schemaLocation="http://www.loc.gov/MARC21/slim http://www.loc.gov/standards/marcxml/schema/MARC21slim.xsd">
                    <leader>00999nam a2200289 a 4500</leader>
                    <controlfield tag="005">20151014162233.0</controlfield>
                    <controlfield tag="008">150324s2014 xxua||| |||| 001 0beng d</controlfield>
                    <controlfield tag="001">9925824203801791</controlfield>
                    <datafield tag="020" ind1=" " ind2=" ">
                        <subfield code="a">9780226056975</subfield>
                    </datafield>
                    <datafield tag="035" ind1=" " ind2=" ">
                        <subfield code="a">bv9925824203801791</subfield>
                    </datafield>
                    <datafield tag="040" ind1=" " ind2=" ">
                        <subfield code="a">BiG</subfield>
                        <subfield code="c">BiG</subfield>
                    </datafield>
                    <datafield tag="041" ind1=" " ind2=" ">
                        <subfield code="a">eng</subfield>
                        <subfield code="h">swe</subfield>
                    </datafield>
                    <datafield tag="100" ind1="1" ind2=" ">
                        <subfield code="a">Jangfeldt, Bengt</subfield>
                    </datafield>
                    <datafield tag="245" ind1="1" ind2="0">
                        <subfield code="a">Mayakovsky :</subfield>
                        <subfield code="b">a biography /</subfield>
                        <subfield code="c">Bengt Jangfeldt ; transl. by Harry D. Watson</subfield>
                    </datafield>
                    <datafield tag="260" ind1=" " ind2=" ">
                        <subfield code="a">Chicago [etc.] :</subfield>
                        <subfield code="b">The University of Chicago Press,</subfield>
                        <subfield code="c">2014</subfield>
                    </datafield>
                    <datafield tag="300" ind1=" " ind2=" ">
                        <subfield code="a">XI, 609 S. :</subfield>
                        <subfield code="b">Ill. ;</subfield>
                        <subfield code="c">24 cm</subfield>
                    </datafield>
                    <datafield tag="500" ind1=" " ind2=" ">
                        <subfield code="a">Übers. von: Med livet som insats</subfield>
                    </datafield>
                    <datafield tag="504" ind1=" " ind2=" ">
                        <subfield code="a">Literaturverz.</subfield>
                    </datafield>
                    <datafield tag="650" ind1=" " ind2="7">
                        <subfield code="a">Biografie</subfield>
                        <subfield code="0">(DE-101)040068048</subfield>
                        <subfield code="2">GND</subfield>
                    </datafield>
                    <datafield tag="650" ind1=" " ind2="7">
                        <subfield code="a">Geschichte</subfield>
                        <subfield code="0">(DE-101)040205177</subfield>
                        <subfield code="2">gnd</subfield>
                    </datafield>
                    <datafield tag="650" ind1=" " ind2="7">
                        <subfield code="a">Schriftsteller</subfield>
                        <subfield code="0">(DE-101)040533093</subfield>
                        <subfield code="2">gnd</subfield>
                    </datafield>
                    <datafield tag="650" ind1=" " ind2="7">
                        <subfield code="a">Futurismus</subfield>
                        <subfield code="0">(DE-101)040190366</subfield>
                        <subfield code="2">gnd</subfield>
                    </datafield>
                    <datafield tag="651" ind1=" " ind2="7">
                        <subfield code="a">Sowjetunion</subfield>
                        <subfield code="0">(DE-101)040775488</subfield>
                        <subfield code="2">gnd</subfield>
                    </datafield>
                    <datafield tag="700" ind1="1" ind2=" ">
                        <subfield code="a">Watson, Harry D.</subfield>
                    </datafield>
                    <datafield tag="700" ind1="1" ind2=" ">
                        <subfield code="a">Jangfeldt, Bengt. -</subfield>
                        <subfield code="t">Med livet som insats</subfield>
                        <subfield code="l">(englisch)</subfield>
                    </datafield>
                    <datafield tag="945" ind1=" " ind2=" ">
                        <subfield code="a">1893</subfield>
                        <subfield code="b">1972</subfield>
                    </datafield>
                    <datafield tag="999" ind1=" " ind2=" ">
                        <subfield code="a">bib05</subfield>
                        <subfield code="b">201510</subfield>
                    </datafield>
                    <datafield tag="852" ind1="4" ind2=" ">
                        <subfield code="b">BIG</subfield>
                        <subfield code="c">EG</subfield>
                        <subfield code="h">BIG NOG 14881</subfield>
                        <subfield code="8">22336528930001791</subfield>
                    </datafield>
                    <datafield tag="949" ind1=" " ind2=" ">
                        <subfield code="a">1950707085</subfield>
                        <subfield code="b">EG</subfield>
                        <subfield code="h">BOOK</subfield>
                        <subfield code="8">23336528920001791</subfield>
                        <subfield code="f">BIG</subfield>
                        <subfield code="c">BIG NOG 14881</subfield>
                    </datafield>
                </record>
            </metadata>
        </record>