
        <record>
            <header>
                <identifier>oai:urm_publish:9925835300201791</identifier>
                <datestamp>2015-10-14T22:24:22Z</datestamp>
                <setSpec>OAI_Sbib</setSpec>
            </header>
            <metadata xmlns:xsi="http://www.w3.org/2001/XMLSchema-instance">
                <record xmlns="http://www.loc.gov/MARC21/slim"
                    xmlns:xsi="http://www.w3.org/2001/XMLSchema-instance"
                    xsi:schemaLocation="http://www.loc.gov/MARC21/slim http://www.loc.gov/standards/marcxml/schema/MARC21slim.xsd">
                    <leader>00828nam a2200193 a 4500</leader>
                    <controlfield tag="005">20151014130359.0</controlfield>
                    <controlfield tag="008">140306s2015 sz a||| ||||f000 0 fre d</controlfield>
                    <controlfield tag="001">9925835300201791</controlfield>
                    <datafield tag="035" ind1=" " ind2=" ">
                        <subfield code="a">bv9925835300201791</subfield>
                    </datafield>
                    <datafield tag="040" ind1=" " ind2=" ">
                        <subfield code="a">BiG</subfield>
                        <subfield code="c">BiG</subfield>
                    </datafield>
                    <datafield tag="245" ind1="0" ind2="0">
                        <subfield code="a">Rapport final ERNS 14</subfield>
                        <subfield code="h">[Ressource électronique] :</subfield>
                        <subfield code="b">Exercice du Réseau national de sécurite 2014 (ERNS 14) :
                            version courte</subfield>
                    </datafield>
                    <datafield tag="260" ind1=" " ind2=" ">
                        <subfield code="a">[Berne] :</subfield>
                        <subfield code="b">Organisation de projet ERNS,</subfield>
                        <subfield code="c">2015</subfield>
                    </datafield>
                    <datafield tag="300" ind1=" " ind2=" ">
                        <subfield code="a">Ressource en ligne (35 p.)</subfield>
                    </datafield>
                    <datafield tag="500" ind1=" " ind2=" ">
                        <subfield code="a">Description faite à partir du fichier PDF (visionné le
                            14.10.2015)</subfield>
                    </datafield>
                    <datafield tag="516" ind1=" " ind2=" ">
                        <subfield code="a">PDF</subfield>
                    </datafield>
                    <datafield tag="650" ind1=" " ind2="7">
                        <subfield code="a">Schlagwort</subfield>
                        <subfield code="2">GND</subfield>
                    </datafield>
                    <datafield tag="856" ind1="4" ind2="0">
                        <subfield code="u"
                            >http://www.vbs.admin.ch/internet/vbs/fr/home/documentation/bases/sicherheit.parsys.39879.downloadList.89213.DownloadFile.tmp/erns14rapportfinalversioncourtef.pdf</subfield>
                    </datafield>
                    <datafield tag="945" ind1=" " ind2=" ">
                        <subfield code="a">YYYY</subfield>
                        <subfield code="b">YYYY</subfield>
                        <subfield code="c">YYYY</subfield>
                        <subfield code="d">YYYY</subfield>
                    </datafield>
                    <datafield tag="999" ind1=" " ind2=" ">
                        <subfield code="a">bib05</subfield>
                        <subfield code="b">2015XX</subfield>
                    </datafield>
                    <datafield tag="852" ind1="4" ind2=" ">
                        <subfield code="b">BIG</subfield>
                        <subfield code="c">1OGFD</subfield>
                        <subfield code="h">BIG KOP 46201</subfield>
                        <subfield code="8">22337396340001791</subfield>
                    </datafield>
                    <datafield tag="949" ind1=" " ind2=" ">
                        <subfield code="a">1950687842</subfield>
                        <subfield code="b">1OGFD</subfield>
                        <subfield code="8">23337396320001791</subfield>
                        <subfield code="f">BIG</subfield>
                        <subfield code="c">BIG KOP 46201</subfield>
                    </datafield>
                </record>
            </metadata>
        </record>