
        <record>
            <header>
                <identifier>oai:urm_publish:9925838202601791</identifier>
                <datestamp>2015-10-14T22:24:22Z</datestamp>
                <setSpec>OAI_Sbib</setSpec>
            </header>
            <metadata xmlns:xsi="http://www.w3.org/2001/XMLSchema-instance">
                <record xmlns="http://www.loc.gov/MARC21/slim"
                    xmlns:xsi="http://www.w3.org/2001/XMLSchema-instance"
                    xsi:schemaLocation="http://www.loc.gov/MARC21/slim http://www.loc.gov/standards/marcxml/schema/MARC21slim.xsd">
                    <leader>00846nam a2200241 a 4500</leader>
                    <controlfield tag="005">20151014164111.0</controlfield>
                    <controlfield tag="008">150505s2015 gw ||| |||| 000 0 ger d</controlfield>
                    <controlfield tag="001">9925838202601791</controlfield>
                    <datafield tag="020" ind1=" " ind2=" ">
                        <subfield code="a">9783446444638</subfield>
                    </datafield>
                    <datafield tag="020" ind1=" " ind2=" ">
                        <subfield code="a">3446444637</subfield>
                    </datafield>
                    <datafield tag="035" ind1=" " ind2=" ">
                        <subfield code="a">bv9925838202601791</subfield>
                    </datafield>
                    <datafield tag="040" ind1=" " ind2=" ">
                        <subfield code="a">GWDNB</subfield>
                    </datafield>
                    <datafield tag="041" ind1="1" ind2=" ">
                        <subfield code="a">ger</subfield>
                        <subfield code="h">eng</subfield>
                    </datafield>
                    <datafield tag="100" ind1="1" ind2=" ">
                        <subfield code="a">Goodman, Marc</subfield>
                    </datafield>
                    <datafield tag="245" ind1="1" ind2="0">
                        <subfield code="a">Global hack :</subfield>
                        <subfield code="b">Hacker, die Banken ausspähen : Cyber-Terroristen, die
                            Atomkraftwerke kapern : Geheimdienste, die unsere Handys knacken
                            /</subfield>
                        <subfield code="c">Marc Goodman ; aus dem Eng. von Henning Dedekind ... [et
                            al.]</subfield>
                    </datafield>
                    <datafield tag="260" ind1=" " ind2=" ">
                        <subfield code="a">München :</subfield>
                        <subfield code="b">Carl Hanser,</subfield>
                        <subfield code="c">2015</subfield>
                    </datafield>
                    <datafield tag="300" ind1=" " ind2=" ">
                        <subfield code="a">600 S. ;</subfield>
                        <subfield code="c">24 cm</subfield>
                    </datafield>
                    <datafield tag="500" ind1=" " ind2=" ">
                        <subfield code="a">Übers. von: Global hack</subfield>
                    </datafield>
                    <datafield tag="650" ind1=" " ind2="7">
                        <subfield code="a">Schlagwort</subfield>
                        <subfield code="2">GND</subfield>
                    </datafield>
                    <datafield tag="700" ind1="1" ind2=" ">
                        <subfield code="a">Dedekind, Henning</subfield>
                    </datafield>
                    <datafield tag="700" ind1="1" ind2=" ">
                        <subfield code="a">Goodman, Marc. -</subfield>
                        <subfield code="t">Global hack</subfield>
                        <subfield code="l">(deutsch)</subfield>
                    </datafield>
                    <datafield tag="945" ind1=" " ind2=" ">
                        <subfield code="a">YYYY</subfield>
                        <subfield code="b">YYYY</subfield>
                        <subfield code="c">YYYY</subfield>
                        <subfield code="d">YYYY</subfield>
                    </datafield>
                    <datafield tag="999" ind1=" " ind2=" ">
                        <subfield code="a">bib05</subfield>
                        <subfield code="b">2015XX</subfield>
                    </datafield>
                    <datafield tag="852" ind1="4" ind2=" ">
                        <subfield code="b">BIG</subfield>
                        <subfield code="c">EG</subfield>
                        <subfield code="h">BIG NOG 15696</subfield>
                        <subfield code="8">22338188190001791</subfield>
                    </datafield>
                    <datafield tag="949" ind1=" " ind2=" ">
                        <subfield code="a">1950704714</subfield>
                        <subfield code="b">EG</subfield>
                        <subfield code="h">BOOK</subfield>
                        <subfield code="8">23338188180001791</subfield>
                        <subfield code="f">BIG</subfield>
                        <subfield code="c">BIG NOG 15696</subfield>
                    </datafield>
                </record>
            </metadata>
        </record>