
        <record>
            <header>
                <identifier>oai:urm_publish:9925839300101791</identifier>
                <datestamp>2015-10-14T22:24:22Z</datestamp>
                <setSpec>OAI_Sbib</setSpec>
            </header>
            <metadata xmlns:xsi="http://www.w3.org/2001/XMLSchema-instance">
                <record xmlns="http://www.loc.gov/MARC21/slim"
                    xmlns:xsi="http://www.w3.org/2001/XMLSchema-instance"
                    xsi:schemaLocation="http://www.loc.gov/MARC21/slim http://www.loc.gov/standards/marcxml/schema/MARC21slim.xsd">
                    <leader>00715cam 2200229 a 4500</leader>
                    <controlfield tag="005">20151014074158.0</controlfield>
                    <controlfield tag="008">140904s2015 xxu ||| |||| 001 0 eng d</controlfield>
                    <controlfield tag="001">9925839300101791</controlfield>
                    <datafield tag="020" ind1=" " ind2=" ">
                        <subfield code="a">9780544086616 (hbk)</subfield>
                    </datafield>
                    <datafield tag="020" ind1=" " ind2=" ">
                        <subfield code="a">9780544570320 (pbk)</subfield>
                    </datafield>
                    <datafield tag="035" ind1=" " ind2=" ">
                        <subfield code="a">bv9925839300101791</subfield>
                    </datafield>
                    <datafield tag="040" ind1=" " ind2=" ">
                        <subfield code="a">DLC</subfield>
                        <subfield code="b">eng</subfield>
                        <subfield code="c">DLC</subfield>
                        <subfield code="e">rda</subfield>
                        <subfield code="d">DLC</subfield>
                    </datafield>
                    <datafield tag="100" ind1="1" ind2=" ">
                        <subfield code="a">Morris, David J.</subfield>
                    </datafield>
                    <datafield tag="245" ind1="1" ind2="4">
                        <subfield code="a">The evil hours :</subfield>
                        <subfield code="b">a biography of post-traumatic stress disorder
                            /</subfield>
                        <subfield code="c">David J. Morris</subfield>
                    </datafield>
                    <datafield tag="260" ind1=" " ind2="1">
                        <subfield code="a">Boston [etc.] :</subfield>
                        <subfield code="b">Houghton Mifflin Harcourt,</subfield>
                        <subfield code="c">2015</subfield>
                    </datafield>
                    <datafield tag="300" ind1=" " ind2=" ">
                        <subfield code="a">XII, 338 S. ;</subfield>
                        <subfield code="c">24 cm</subfield>
                    </datafield>
                    <datafield tag="500" ind1=" " ind2=" ">
                        <subfield code="a">"An Eamon Dolan book."</subfield>
                    </datafield>
                    <datafield tag="500" ind1=" " ind2=" ">
                        <subfield code="a">Register</subfield>
                    </datafield>
                    <datafield tag="504" ind1=" " ind2=" ">
                        <subfield code="a">Literaturverz.</subfield>
                    </datafield>
                    <datafield tag="650" ind1=" " ind2="7">
                        <subfield code="a">Schlagwort</subfield>
                        <subfield code="2">GND</subfield>
                    </datafield>
                    <datafield tag="945" ind1=" " ind2=" ">
                        <subfield code="a">YYYY</subfield>
                        <subfield code="b">YYYY</subfield>
                        <subfield code="c">YYYY</subfield>
                        <subfield code="d">YYYY</subfield>
                    </datafield>
                    <datafield tag="999" ind1=" " ind2=" ">
                        <subfield code="a">bib05</subfield>
                        <subfield code="b">2015XX</subfield>
                    </datafield>
                    <datafield tag="852" ind1="4" ind2=" ">
                        <subfield code="b">BIG</subfield>
                        <subfield code="c">EG</subfield>
                        <subfield code="h">BIG NOG 15680</subfield>
                        <subfield code="8">22338425000001791</subfield>
                    </datafield>
                    <datafield tag="949" ind1=" " ind2=" ">
                        <subfield code="a">1950701500</subfield>
                        <subfield code="b">EG</subfield>
                        <subfield code="h">BOOK</subfield>
                        <subfield code="8">23338424990001791</subfield>
                        <subfield code="f">BIG</subfield>
                        <subfield code="c">BIG NOG 15680</subfield>
                    </datafield>
                </record>
            </metadata>
        </record>