
        <record>
            <header>
                <identifier>oai:urm_publish:9925839702801791</identifier>
                <datestamp>2015-10-14T22:24:22Z</datestamp>
                <setSpec>OAI_Sbib</setSpec>
            </header>
            <metadata xmlns:xsi="http://www.w3.org/2001/XMLSchema-instance">
                <record xmlns="http://www.loc.gov/MARC21/slim"
                    xmlns:xsi="http://www.w3.org/2001/XMLSchema-instance"
                    xsi:schemaLocation="http://www.loc.gov/MARC21/slim http://www.loc.gov/standards/marcxml/schema/MARC21slim.xsd">
                    <leader>01173nam 22002535u 4500</leader>
                    <controlfield tag="005">20151014154139.0</controlfield>
                    <controlfield tag="008">150602s2015 fr a||| |||| 100 0 fre d</controlfield>
                    <controlfield tag="001">9925839702801791</controlfield>
                    <datafield tag="020" ind1=" " ind2=" ">
                        <subfield code="a">9782877543255</subfield>
                    </datafield>
                    <datafield tag="035" ind1=" " ind2=" ">
                        <subfield code="a">bv9925839702801791</subfield>
                    </datafield>
                    <datafield tag="040" ind1=" " ind2=" ">
                        <subfield code="a">ZWZ</subfield>
                        <subfield code="d">SzZuIDS NEBIS ZBZ</subfield>
                    </datafield>
                    <datafield tag="041" ind1="0" ind2=" ">
                        <subfield code="a">fre</subfield>
                        <subfield code="a">eng</subfield>
                        <subfield code="a">spa</subfield>
                    </datafield>
                    <datafield tag="245" ind1="1" ind2="0">
                        <subfield code="a">Auguste, son époque et l'Augusteum de Narona :</subfield>
                        <subfield code="b">actes du colloque organisé par l'Académie des
                            inscriptions et belles-lettres et l'Université catholique de Croatie
                            (Zagreb) à l'Académie des inscriptions et belles-lettres, le 12
                            décembre 2014 /</subfield>
                        <subfield code="c">Pierre Gros ... [et al.], éd. ; [auteurs: François
                            Baratte ... et al.]</subfield>
                    </datafield>
                    <datafield tag="260" ind1=" " ind2=" ">
                        <subfield code="a">Paris :</subfield>
                        <subfield code="b">Académie des inscriptions et belles-lettres,</subfield>
                        <subfield code="c">2015</subfield>
                    </datafield>
                    <datafield tag="300" ind1=" " ind2=" ">
                        <subfield code="a">196 p. :</subfield>
                        <subfield code="b">ill. ;</subfield>
                        <subfield code="c">24 cm</subfield>
                    </datafield>
                    <datafield tag="546" ind1=" " ind2=" ">
                        <subfield code="a">Contrib. en français, anglais et espagnol</subfield>
                    </datafield>
                    <datafield tag="650" ind1=" " ind2="7">
                        <subfield code="a">Schlagwort</subfield>
                        <subfield code="2">GND</subfield>
                    </datafield>
                    <datafield tag="700" ind1="1" ind2=" ">
                        <subfield code="a">Gros, Pierre</subfield>
                    </datafield>
                    <datafield tag="700" ind1="1" ind2=" ">
                        <subfield code="a">Baratte, François</subfield>
                    </datafield>
                    <datafield tag="710" ind1="2" ind2=" ">
                        <subfield code="a">Académie des inscriptions &amp; belles-lettres
                            (France)</subfield>
                    </datafield>
                    <datafield tag="710" ind1="2" ind2=" ">
                        <subfield code="a">Hrvatsko Katoličko Sveučilište</subfield>
                    </datafield>
                    <datafield tag="711" ind1="2" ind2=" ">
                        <subfield code="a">Kongress</subfield>
                        <subfield code="d">(2014 :</subfield>
                        <subfield code="c">Paris, France)</subfield>
                    </datafield>
                    <datafield tag="945" ind1=" " ind2=" ">
                        <subfield code="a">YYYY</subfield>
                        <subfield code="b">YYYY</subfield>
                        <subfield code="c">YYYY</subfield>
                        <subfield code="d">YYYY</subfield>
                    </datafield>
                    <datafield tag="999" ind1=" " ind2=" ">
                        <subfield code="a">bib05</subfield>
                        <subfield code="b">2015XX</subfield>
                    </datafield>
                    <datafield tag="852" ind1="4" ind2=" ">
                        <subfield code="b">BIG</subfield>
                        <subfield code="c">EG</subfield>
                        <subfield code="h">BIG NOG 15674</subfield>
                        <subfield code="8">22338517470001791</subfield>
                    </datafield>
                    <datafield tag="949" ind1=" " ind2=" ">
                        <subfield code="a">1950704744</subfield>
                        <subfield code="b">EG</subfield>
                        <subfield code="h">BOOK</subfield>
                        <subfield code="8">23338517460001791</subfield>
                        <subfield code="f">BIG</subfield>
                        <subfield code="c">BIG NOG 15674</subfield>
                    </datafield>
                </record>
            </metadata>
        </record>