
        <record>
            <header>
                <identifier>oai:urm_publish:9925839705501791</identifier>
                <datestamp>2015-10-14T22:24:22Z</datestamp>
                <setSpec>OAI_Sbib</setSpec>
            </header>
            <metadata xmlns:xsi="http://www.w3.org/2001/XMLSchema-instance">
                <record xmlns="http://www.loc.gov/MARC21/slim"
                    xmlns:xsi="http://www.w3.org/2001/XMLSchema-instance"
                    xsi:schemaLocation="http://www.loc.gov/MARC21/slim http://www.loc.gov/standards/marcxml/schema/MARC21slim.xsd">
                    <leader>00729nam a2200229 a 4500</leader>
                    <controlfield tag="005">20151014084511.0</controlfield>
                    <controlfield tag="008">150902s2015 xxk ||| |||| 001 0 eng d</controlfield>
                    <controlfield tag="001">9925839705501791</controlfield>
                    <datafield tag="020" ind1=" " ind2=" ">
                        <subfield code="a">9781849465113</subfield>
                    </datafield>
                    <datafield tag="035" ind1=" " ind2=" ">
                        <subfield code="a">bv9925839705501791</subfield>
                    </datafield>
                    <datafield tag="040" ind1=" " ind2=" ">
                        <subfield code="a">BiG</subfield>
                        <subfield code="c">BiG</subfield>
                    </datafield>
                    <datafield tag="245" ind1="0" ind2="0">
                        <subfield code="a">Non-State Actors in International Law /</subfield>
                        <subfield code="c">ed. by Math Noortmann ... [et al.]</subfield>
                    </datafield>
                    <datafield tag="260" ind1=" " ind2=" ">
                        <subfield code="a">Oxford :</subfield>
                        <subfield code="b">Hart Publishing,</subfield>
                        <subfield code="c">2015</subfield>
                    </datafield>
                    <datafield tag="300" ind1=" " ind2=" ">
                        <subfield code="a">XIV, 406 S. ;</subfield>
                        <subfield code="c">24 cm</subfield>
                    </datafield>
                    <datafield tag="490" ind1="1" ind2=" ">
                        <subfield code="a">Studies in international law</subfield>
                        <subfield code="v">vol. 55</subfield>
                    </datafield>
                    <datafield tag="500" ind1=" " ind2=" ">
                        <subfield code="a">Register</subfield>
                    </datafield>
                    <datafield tag="504" ind1=" " ind2=" ">
                        <subfield code="a">Literaturverz.</subfield>
                    </datafield>
                    <datafield tag="650" ind1=" " ind2="7">
                        <subfield code="a">Schlagwort</subfield>
                        <subfield code="2">GND</subfield>
                    </datafield>
                    <datafield tag="700" ind1="1" ind2=" ">
                        <subfield code="a">Noortmann, Math</subfield>
                    </datafield>
                    <datafield tag="830" ind1=" " ind2="0">
                        <subfield code="a">Studies in international law</subfield>
                        <subfield code="g">(Hart Publishing, Oxford etc.)</subfield>
                        <subfield code="v">55</subfield>
                    </datafield>
                    <datafield tag="945" ind1=" " ind2=" ">
                        <subfield code="a">YYYY</subfield>
                        <subfield code="b">YYYY</subfield>
                        <subfield code="c">YYYY</subfield>
                        <subfield code="d">YYYY</subfield>
                    </datafield>
                    <datafield tag="999" ind1=" " ind2=" ">
                        <subfield code="a">bib05</subfield>
                        <subfield code="b">2015XX</subfield>
                    </datafield>
                    <datafield tag="852" ind1="4" ind2=" ">
                        <subfield code="b">BIG</subfield>
                        <subfield code="c">EG</subfield>
                        <subfield code="h">BIG NOG 15685</subfield>
                        <subfield code="8">22338519440001791</subfield>
                    </datafield>
                    <datafield tag="949" ind1=" " ind2=" ">
                        <subfield code="a">1950704551</subfield>
                        <subfield code="b">EG</subfield>
                        <subfield code="h">BOOK</subfield>
                        <subfield code="8">23338519430001791</subfield>
                        <subfield code="f">BIG</subfield>
                        <subfield code="c">BIG NOG 15685</subfield>
                    </datafield>
                </record>
            </metadata>
        </record>