
        <record>
            <header>
                <identifier>oai:urm_publish:9925840796601791</identifier>
                <datestamp>2015-10-14T22:24:22Z</datestamp>
                <setSpec>OAI_Sbib</setSpec>
            </header>
            <metadata xmlns:xsi="http://www.w3.org/2001/XMLSchema-instance">
                <record xmlns="http://www.loc.gov/MARC21/slim"
                    xmlns:xsi="http://www.w3.org/2001/XMLSchema-instance"
                    xsi:schemaLocation="http://www.loc.gov/MARC21/slim http://www.loc.gov/standards/marcxml/schema/MARC21slim.xsd">
                    <leader>00821nam a2200229 a 4500</leader>
                    <controlfield tag="005">20151014113853.0</controlfield>
                    <controlfield tag="008">150511s2015 gw ||| |||| 000|0dger d</controlfield>
                    <controlfield tag="001">9925840796601791</controlfield>
                    <datafield tag="020" ind1=" " ind2=" ">
                        <subfield code="a">9783944342658</subfield>
                    </datafield>
                    <datafield tag="035" ind1=" " ind2=" ">
                        <subfield code="a">bv9925840796601791</subfield>
                    </datafield>
                    <datafield tag="040" ind1=" " ind2=" ">
                        <subfield code="a">1245</subfield>
                        <subfield code="b">ger</subfield>
                        <subfield code="c">DE-101</subfield>
                        <subfield code="d">9999</subfield>
                    </datafield>
                    <datafield tag="100" ind1="1" ind2=" ">
                        <subfield code="a">Postma, Heiko</subfield>
                    </datafield>
                    <datafield tag="245" ind1="1" ind2="0">
                        <subfield code="a">»Unter Büchern vergraben« :</subfield>
                        <subfield code="b">Gotthold Ephraim Lessing (1729 – 1781) : vom freien
                            Schriftsteller zum Bibliothekar in Wolfenbüttel /</subfield>
                        <subfield code="c">Heiko Postma</subfield>
                    </datafield>
                    <datafield tag="260" ind1=" " ind2=" ">
                        <subfield code="a">Hannover :</subfield>
                        <subfield code="b">JMB Verlag,</subfield>
                        <subfield code="c">2015</subfield>
                    </datafield>
                    <datafield tag="300" ind1=" " ind2=" ">
                        <subfield code="a">60 S. ;</subfield>
                        <subfield code="c">20 cm</subfield>
                    </datafield>
                    <datafield tag="490" ind1="1" ind2=" ">
                        <subfield code="a">Von Büchern und Menschen</subfield>
                        <subfield code="v">24</subfield>
                    </datafield>
                    <datafield tag="504" ind1=" " ind2=" ">
                        <subfield code="a">Literaturverz.</subfield>
                    </datafield>
                    <datafield tag="650" ind1=" " ind2="7">
                        <subfield code="a">Schlagwort</subfield>
                        <subfield code="2">GND</subfield>
                    </datafield>
                    <datafield tag="700" ind1="1" ind2=" ">
                        <subfield code="a">Lessing, Gotthold Ephraim</subfield>
                    </datafield>
                    <datafield tag="830" ind1=" " ind2="0">
                        <subfield code="a">Von Büchern und Menschen</subfield>
                        <subfield code="v">24</subfield>
                    </datafield>
                    <datafield tag="945" ind1=" " ind2=" ">
                        <subfield code="a">YYYY</subfield>
                        <subfield code="b">YYYY</subfield>
                        <subfield code="c">YYYY</subfield>
                        <subfield code="d">YYYY</subfield>
                    </datafield>
                    <datafield tag="999" ind1=" " ind2=" ">
                        <subfield code="a">bib05</subfield>
                        <subfield code="b">2015XX</subfield>
                    </datafield>
                    <datafield tag="852" ind1="4" ind2=" ">
                        <subfield code="b">BIG</subfield>
                        <subfield code="c">1OGFD</subfield>
                        <subfield code="h">BIG KOP 46195</subfield>
                        <subfield code="8">22338644300001791</subfield>
                    </datafield>
                    <datafield tag="949" ind1=" " ind2=" ">
                        <subfield code="a">1950686363</subfield>
                        <subfield code="b">1OGFD</subfield>
                        <subfield code="h">BOOK</subfield>
                        <subfield code="8">23338644290001791</subfield>
                        <subfield code="f">BIG</subfield>
                        <subfield code="c">BIG KOP 46195</subfield>
                    </datafield>
                </record>
            </metadata>
        </record>