
        <record>
            <header>
                <identifier>oai:urm_publish:9925840692901791</identifier>
                <datestamp>2015-10-14T22:24:22Z</datestamp>
                <setSpec>OAI_Sbib</setSpec>
            </header>
            <metadata xmlns:xsi="http://www.w3.org/2001/XMLSchema-instance">
                <record xmlns="http://www.loc.gov/MARC21/slim"
                    xmlns:xsi="http://www.w3.org/2001/XMLSchema-instance"
                    xsi:schemaLocation="http://www.loc.gov/MARC21/slim http://www.loc.gov/standards/marcxml/schema/MARC21slim.xsd">
                    <leader>00896nam a2200253 a 4500</leader>
                    <controlfield tag="005">20151014145938.0</controlfield>
                    <controlfield tag="008">150810s2015 sz ||| |||| 000 0 ger d</controlfield>
                    <controlfield tag="001">9925840692901791</controlfield>
                    <datafield tag="020" ind1=" " ind2=" ">
                        <subfield code="a">9783727219009</subfield>
                    </datafield>
                    <datafield tag="040" ind1=" " ind2=" ">
                        <subfield code="a">Sz</subfield>
                        <subfield code="c">Sz</subfield>
                    </datafield>
                    <datafield tag="100" ind1="1" ind2=" ">
                        <subfield code="a">Wullschleger, Marc</subfield>
                    </datafield>
                    <datafield tag="245" ind1="1" ind2="4">
                        <subfield code="a">Die Durchsetzung des Urheberrechts im Internet
                            /</subfield>
                        <subfield code="c">Marc Wullschleger</subfield>
                    </datafield>
                    <datafield tag="260" ind1=" " ind2=" ">
                        <subfield code="a">Bern :</subfield>
                        <subfield code="b">Stämpfli,</subfield>
                        <subfield code="c">2015</subfield>
                    </datafield>
                    <datafield tag="300" ind1=" " ind2=" ">
                        <subfield code="a">LXXXIII, 244 S. ;</subfield>
                        <subfield code="c">23 cm</subfield>
                    </datafield>
                    <datafield tag="490" ind1="1" ind2=" ">
                        <subfield code="a">Schriften zum Medien- und Immaterialgüterrecht</subfield>
                        <subfield code="v">101</subfield>
                    </datafield>
                    <datafield tag="500" ind1=" " ind2=" ">
                        <subfield code="a">Zugleich: Diss. Univ. Bern, 2014</subfield>
                    </datafield>
                    <datafield tag="504" ind1=" " ind2=" ">
                        <subfield code="a">Literaturverz.</subfield>
                    </datafield>
                    <datafield tag="650" ind1=" " ind2="7">
                        <subfield code="a">Internet</subfield>
                        <subfield code="0">(DE-588)4308416-3</subfield>
                        <subfield code="2">gnd</subfield>
                    </datafield>
                    <datafield tag="650" ind1=" " ind2="7">
                        <subfield code="a">Urheberrecht</subfield>
                        <subfield code="0">(DE-588)4062127-3</subfield>
                        <subfield code="2">gnd</subfield>
                    </datafield>
                    <datafield tag="650" ind1=" " ind2="7">
                        <subfield code="a">Rechtsvergleich</subfield>
                        <subfield code="0">(DE-588)4115712-6</subfield>
                        <subfield code="2">gnd</subfield>
                    </datafield>
                    <datafield tag="651" ind1=" " ind2="7">
                        <subfield code="a">Schweiz</subfield>
                        <subfield code="0">(DE-588)4053881-3</subfield>
                        <subfield code="2">gnd</subfield>
                    </datafield>
                    <datafield tag="830" ind1=" " ind2="0">
                        <subfield code="a">Schriften zum Medien- und Immaterialgüterrecht</subfield>
                        <subfield code="v">101</subfield>
                    </datafield>
                    <datafield tag="945" ind1=" " ind2=" ">
                        <subfield code="a">YYYY</subfield>
                        <subfield code="b">YYYY</subfield>
                        <subfield code="c">YYYY</subfield>
                        <subfield code="d">YYYY</subfield>
                    </datafield>
                    <datafield tag="999" ind1=" " ind2=" ">
                        <subfield code="a">bib05</subfield>
                        <subfield code="b">2015XX</subfield>
                    </datafield>
                    <datafield tag="852" ind1="4" ind2=" ">
                        <subfield code="b">BIG</subfield>
                        <subfield code="c">EG</subfield>
                        <subfield code="h">BIG NON 17155</subfield>
                        <subfield code="8">22338652470001791</subfield>
                    </datafield>
                    <datafield tag="949" ind1=" " ind2=" ">
                        <subfield code="a">1950690583</subfield>
                        <subfield code="b">EG</subfield>
                        <subfield code="h">BOOK</subfield>
                        <subfield code="8">23338652460001791</subfield>
                        <subfield code="f">BIG</subfield>
                        <subfield code="c">BIG NON 17155</subfield>
                    </datafield>
                </record>
            </metadata>
        </record>