
        <record>
            <header>
                <identifier>oai:urm_publish:9925840677201791</identifier>
                <datestamp>2015-10-14T22:24:22Z</datestamp>
                <setSpec>OAI_Sbib</setSpec>
            </header>
            <metadata xmlns:xsi="http://www.w3.org/2001/XMLSchema-instance">
                <record xmlns="http://www.loc.gov/MARC21/slim"
                    xmlns:xsi="http://www.w3.org/2001/XMLSchema-instance"
                    xsi:schemaLocation="http://www.loc.gov/MARC21/slim http://www.loc.gov/standards/marcxml/schema/MARC21slim.xsd">
                    <leader>00817nam a2200217 a 4500</leader>
                    <controlfield tag="005">20150921162033.0</controlfield>
                    <controlfield tag="008">071023s2015 xxua||| |||| 000 0 eng d</controlfield>
                    <controlfield tag="001">9925840677201791</controlfield>
                    <datafield tag="019" ind1="1" ind2=" ">
                        <subfield code="a">Achtung: unvollständige Bestellaufnahme! - Attention:
                            notice d'acquisition incomplète!</subfield>
                    </datafield>
                    <datafield tag="020" ind1=" " ind2=" ">
                        <subfield code="a">9780825461996</subfield>
                    </datafield>
                    <datafield tag="035" ind1=" " ind2=" ">
                        <subfield code="a">bv9925840677201791</subfield>
                    </datafield>
                    <datafield tag="040" ind1=" " ind2=" ">
                        <subfield code="a">SzZUIDS BS/BE B410</subfield>
                    </datafield>
                    <datafield tag="100" ind1="1" ind2=" ">
                        <subfield code="a">Hoffmeier, James Karl</subfield>
                    </datafield>
                    <datafield tag="245" ind1="1" ind2="4">
                        <subfield code="a">The archaeology of the Bible /</subfield>
                        <subfield code="c">James K. Hoffmeier</subfield>
                    </datafield>
                    <datafield tag="260" ind1=" " ind2=" ">
                        <subfield code="a">Grand Rapids, MI :</subfield>
                        <subfield code="b">Kregel Publications,U.S.,</subfield>
                        <subfield code="c">2015</subfield>
                    </datafield>
                    <datafield tag="300" ind1=" " ind2=" ">
                        <subfield code="a">192 S. :</subfield>
                        <subfield code="b">Ill.</subfield>
                    </datafield>
                    <datafield tag="651" ind1=" " ind2="7">
                        <subfield code="a">Alter Orient</subfield>
                        <subfield code="0">(DE-588)4001451-4</subfield>
                        <subfield code="2">gnd</subfield>
                    </datafield>
                    <datafield tag="630" ind1="0" ind2="7">
                        <subfield code="a">Bibel</subfield>
                        <subfield code="0">(DE-588)4006406-2</subfield>
                        <subfield code="2">gnd</subfield>
                    </datafield>
                    <datafield tag="650" ind1=" " ind2="7">
                        <subfield code="a">Archäologie</subfield>
                        <subfield code="0">(DE-588)4002827-6</subfield>
                        <subfield code="2">gnd</subfield>
                    </datafield>
                    <datafield tag="650" ind1=" " ind2="7">
                        <subfield code="a">Biblische Archäologie</subfield>
                        <subfield code="0">(DE-588)4006471-2</subfield>
                        <subfield code="2">gnd</subfield>
                    </datafield>
                    <datafield tag="650" ind1=" " ind2="7">
                        <subfield code="a">Zeithintergrund</subfield>
                        <subfield code="0">(DE-588)4128644-3</subfield>
                        <subfield code="2">gnd</subfield>
                    </datafield>
                    <datafield tag="852" ind1="4" ind2=" ">
                        <subfield code="b">BIG</subfield>
                        <subfield code="c">EG</subfield>
                        <subfield code="8">22338674510001791</subfield>
                    </datafield>
                    <datafield tag="949" ind1=" " ind2=" ">
                        <subfield code="a">1950704812</subfield>
                        <subfield code="b">EG</subfield>
                        <subfield code="h">BOOK</subfield>
                        <subfield code="8">23338674500001791</subfield>
                        <subfield code="f">BIG</subfield>
                    </datafield>
                </record>
            </metadata>
        </record>