
        <record>
            <header>
                <identifier>oai:urm_publish:9925840688101791</identifier>
                <datestamp>2015-10-14T22:24:22Z</datestamp>
                <setSpec>OAI_Sbib</setSpec>
            </header>
            <metadata xmlns:xsi="http://www.w3.org/2001/XMLSchema-instance">
                <record xmlns="http://www.loc.gov/MARC21/slim"
                    xmlns:xsi="http://www.w3.org/2001/XMLSchema-instance"
                    xsi:schemaLocation="http://www.loc.gov/MARC21/slim http://www.loc.gov/standards/marcxml/schema/MARC21slim.xsd">
                    <leader>00741nam a2200229 a 4500</leader>
                    <controlfield tag="005">20151014101040.0</controlfield>
                    <controlfield tag="008">f15052s20155 sz a||| |||| 000 0 ger dd</controlfield>
                    <controlfield tag="001">9925840688101791</controlfield>
                    <datafield tag="020" ind1=" " ind2=" ">
                        <subfield code="a">9783456854670</subfield>
                    </datafield>
                    <datafield tag="035" ind1=" " ind2=" ">
                        <subfield code="a">bv9925840688101791</subfield>
                    </datafield>
                    <datafield tag="040" ind1=" " ind2=" ">
                        <subfield code="a">Sz</subfield>
                        <subfield code="c">Sz</subfield>
                    </datafield>
                    <datafield tag="245" ind1="0" ind2="0">
                        <subfield code="a">Interdisziplinäre Perspektiven auf Multimorbidität und
                            Alter /</subfield>
                        <subfield code="c">Adelheid Kuhlmey ... [et al.] (Hrsg.)</subfield>
                    </datafield>
                    <datafield tag="260" ind1=" " ind2=" ">
                        <subfield code="a">Bern :</subfield>
                        <subfield code="b">Huber,</subfield>
                        <subfield code="c">2015</subfield>
                    </datafield>
                    <datafield tag="300" ind1=" " ind2=" ">
                        <subfield code="a">148 S. :</subfield>
                        <subfield code="b">Ill. ;</subfield>
                        <subfield code="c">25 cm</subfield>
                    </datafield>
                    <datafield tag="490" ind1="1" ind2=" ">
                        <subfield code="a">Studienreihe der Robert-Bosch-Stiftung</subfield>
                    </datafield>
                    <datafield tag="504" ind1=" " ind2=" ">
                        <subfield code="a">Literaturverz.</subfield>
                    </datafield>
                    <datafield tag="650" ind1=" " ind2="7">
                        <subfield code="a">Schlagwort</subfield>
                        <subfield code="2">GND</subfield>
                    </datafield>
                    <datafield tag="700" ind1="1" ind2=" ">
                        <subfield code="a">Kuhlmey, Adelheid</subfield>
                    </datafield>
                    <datafield tag="830" ind1=" " ind2="0">
                        <subfield code="a">Studienreihe der Robert-Bosch-Stiftung</subfield>
                    </datafield>
                    <datafield tag="830" ind1=" " ind2="0">
                        <subfield code="a">Multimorbidität im Alter</subfield>
                    </datafield>
                    <datafield tag="945" ind1=" " ind2=" ">
                        <subfield code="a">YYYY</subfield>
                        <subfield code="b">YYYY</subfield>
                        <subfield code="c">YYYY</subfield>
                        <subfield code="d">YYYY</subfield>
                    </datafield>
                    <datafield tag="999" ind1=" " ind2=" ">
                        <subfield code="a">bib05</subfield>
                        <subfield code="b">2015XX</subfield>
                    </datafield>
                    <datafield tag="852" ind1="4" ind2=" ">
                        <subfield code="b">BIG</subfield>
                        <subfield code="c">EG</subfield>
                        <subfield code="h">BIG NOG 15690</subfield>
                        <subfield code="8">22338679040001791</subfield>
                    </datafield>
                    <datafield tag="949" ind1=" " ind2=" ">
                        <subfield code="a">1950704588</subfield>
                        <subfield code="b">EG</subfield>
                        <subfield code="h">BOOK</subfield>
                        <subfield code="8">23338679030001791</subfield>
                        <subfield code="f">BIG</subfield>
                        <subfield code="c">BIG NOG 15690</subfield>
                    </datafield>
                </record>
            </metadata>
        </record>