
        <record>
            <header>
                <identifier>oai:urm_publish:9925840672601791</identifier>
                <datestamp>2015-10-14T22:24:22Z</datestamp>
                <setSpec>OAI_Sbib</setSpec>
            </header>
            <metadata xmlns:xsi="http://www.w3.org/2001/XMLSchema-instance">
                <record xmlns="http://www.loc.gov/MARC21/slim"
                    xmlns:xsi="http://www.w3.org/2001/XMLSchema-instance"
                    xsi:schemaLocation="http://www.loc.gov/MARC21/slim http://www.loc.gov/standards/marcxml/schema/MARC21slim.xsd">
                    <leader>01015nam a2200289 a 4500</leader>
                    <controlfield tag="005">20151014162042.0</controlfield>
                    <controlfield tag="008">150217s2016 xxk ||| |||| 001 0 eng d</controlfield>
                    <controlfield tag="001">9925840672601791</controlfield>
                    <datafield tag="020" ind1=" " ind2=" ">
                        <subfield code="a">9780415839853</subfield>
                    </datafield>
                    <datafield tag="035" ind1=" " ind2=" ">
                        <subfield code="a">bv9925840672601791</subfield>
                    </datafield>
                    <datafield tag="040" ind1=" " ind2=" ">
                        <subfield code="a">DLC</subfield>
                    </datafield>
                    <datafield tag="100" ind1="1" ind2=" ">
                        <subfield code="a">Tileagă, Cristian</subfield>
                    </datafield>
                    <datafield tag="245" ind1="1" ind2="4">
                        <subfield code="a">The nature of prejudice :</subfield>
                        <subfield code="b">society, discrimination and moral exclusion /</subfield>
                        <subfield code="c">Cristian Tileagă</subfield>
                    </datafield>
                    <datafield tag="260" ind1=" " ind2=" ">
                        <subfield code="a">London [etc.] :</subfield>
                        <subfield code="b">Routledge,</subfield>
                        <subfield code="c">2016</subfield>
                    </datafield>
                    <datafield tag="300" ind1=" " ind2=" ">
                        <subfield code="a">XI, 171 S. ;</subfield>
                        <subfield code="c">24 cm</subfield>
                    </datafield>
                    <datafield tag="490" ind1="1" ind2=" ">
                        <subfield code="a">Explorations in social psychology series</subfield>
                    </datafield>
                    <datafield tag="500" ind1=" " ind2=" ">
                        <subfield code="a">Register</subfield>
                    </datafield>
                    <datafield tag="504" ind1=" " ind2=" ">
                        <subfield code="a">Literaturverz.</subfield>
                    </datafield>
                    <datafield tag="651" ind1=" " ind2="7">
                        <subfield code="a">Europäische Union</subfield>
                        <subfield code="0">(DE-588)4131753-1</subfield>
                        <subfield code="2">gnd</subfield>
                    </datafield>
                    <datafield tag="650" ind1=" " ind2="7">
                        <subfield code="a">Roma</subfield>
                        <subfield code="g">Volk</subfield>
                        <subfield code="0">(DE-588)4050473-6</subfield>
                        <subfield code="2">gnd</subfield>
                    </datafield>
                    <datafield tag="650" ind1=" " ind2="7">
                        <subfield code="a">Ausgrenzung</subfield>
                        <subfield code="0">(DE-588)4300539-1</subfield>
                        <subfield code="2">gnd</subfield>
                    </datafield>
                    <datafield tag="650" ind1=" " ind2="7">
                        <subfield code="a">Rassismus</subfield>
                        <subfield code="0">(DE-588)4076527-1</subfield>
                        <subfield code="2">gnd</subfield>
                    </datafield>
                    <datafield tag="650" ind1=" " ind2="7">
                        <subfield code="a">Vorurteil</subfield>
                        <subfield code="0">(DE-588)4064037-1</subfield>
                        <subfield code="2">gnd</subfield>
                    </datafield>
                    <datafield tag="650" ind1=" " ind2="7">
                        <subfield code="a">Sozialpsychologie</subfield>
                        <subfield code="0">(DE-588)4055891-5</subfield>
                        <subfield code="2">gnd</subfield>
                    </datafield>
                    <datafield tag="830" ind1=" " ind2=" ">
                        <subfield code="a">Explorations in social psychology</subfield>
                    </datafield>
                    <datafield tag="945" ind1=" " ind2=" ">
                        <subfield code="a">YYYY</subfield>
                        <subfield code="b">YYYY</subfield>
                        <subfield code="c">YYYY</subfield>
                        <subfield code="d">YYYY</subfield>
                    </datafield>
                    <datafield tag="999" ind1=" " ind2=" ">
                        <subfield code="a">bib05</subfield>
                        <subfield code="b">2015XX</subfield>
                    </datafield>
                    <datafield tag="852" ind1="4" ind2=" ">
                        <subfield code="b">BIG</subfield>
                        <subfield code="c">EG</subfield>
                        <subfield code="h">BIG NOG 15675</subfield>
                        <subfield code="8">22338719040001791</subfield>
                    </datafield>
                    <datafield tag="949" ind1=" " ind2=" ">
                        <subfield code="a">1950686400</subfield>
                        <subfield code="b">EG</subfield>
                        <subfield code="h">BOOK</subfield>
                        <subfield code="8">23338719030001791</subfield>
                        <subfield code="f">BIG</subfield>
                        <subfield code="c">BIG NOG 15675</subfield>
                    </datafield>
                </record>
            </metadata>
        </record>