
        <record>
            <header>
                <identifier>oai:urm_publish:9925840997401791</identifier>
                <datestamp>2015-10-14T22:24:22Z</datestamp>
                <setSpec>OAI_Sbib</setSpec>
            </header>
            <metadata xmlns:xsi="http://www.w3.org/2001/XMLSchema-instance">
                <record xmlns="http://www.loc.gov/MARC21/slim"
                    xmlns:xsi="http://www.w3.org/2001/XMLSchema-instance"
                    xsi:schemaLocation="http://www.loc.gov/MARC21/slim http://www.loc.gov/standards/marcxml/schema/MARC21slim.xsd">
                    <leader>00693nam a2200205 a 4500</leader>
                    <controlfield tag="005">20151014131340.0</controlfield>
                    <controlfield tag="008">150522s2015 gw ||| |||| 000 0bger d</controlfield>
                    <controlfield tag="001">9925840997401791</controlfield>
                    <datafield tag="020" ind1=" " ind2=" ">
                        <subfield code="a">9783958410138</subfield>
                    </datafield>
                    <datafield tag="020" ind1=" " ind2=" ">
                        <subfield code="a">3958410138</subfield>
                    </datafield>
                    <datafield tag="040" ind1=" " ind2=" ">
                        <subfield code="a">GWDNB</subfield>
                    </datafield>
                    <datafield tag="100" ind1="1" ind2=" ">
                        <subfield code="a">Ewers, Philipp</subfield>
                    </datafield>
                    <datafield tag="245" ind1="0" ind2="0">
                        <subfield code="a">Putin verstehen? :</subfield>
                        <subfield code="b">russische Außen- und Sicherheitspolitik der Ära Wladimir
                            Putin /</subfield>
                        <subfield code="c">Philipp Ewers</subfield>
                    </datafield>
                    <datafield tag="260" ind1=" " ind2=" ">
                        <subfield code="a">Berlin :</subfield>
                        <subfield code="b">Berliner Buchverlagsges.,</subfield>
                        <subfield code="c">2015</subfield>
                    </datafield>
                    <datafield tag="300" ind1=" " ind2=" ">
                        <subfield code="a">544 S. ;</subfield>
                        <subfield code="c">22cm</subfield>
                    </datafield>
                    <datafield tag="600" ind1="1" ind2="7">
                        <subfield code="a">Putin, Vladimir V.</subfield>
                        <subfield code="d">1952-</subfield>
                        <subfield code="0">(DE-588)122188926</subfield>
                        <subfield code="2">gnd</subfield>
                    </datafield>
                    <datafield tag="650" ind1=" " ind2="7">
                        <subfield code="a">Politik</subfield>
                        <subfield code="0">(DE-588)4046514-7</subfield>
                        <subfield code="2">gnd</subfield>
                    </datafield>
                    <datafield tag="651" ind1=" " ind2="7">
                        <subfield code="a">Russland</subfield>
                        <subfield code="0">(DE-588)4076899-5</subfield>
                        <subfield code="2">gnd</subfield>
                    </datafield>
                    <datafield tag="945" ind1=" " ind2=" ">
                        <subfield code="a">YYYY</subfield>
                        <subfield code="b">YYYY</subfield>
                        <subfield code="c">YYYY</subfield>
                        <subfield code="d">YYYY</subfield>
                    </datafield>
                    <datafield tag="999" ind1=" " ind2=" ">
                        <subfield code="a">bib05</subfield>
                        <subfield code="b">2015XX</subfield>
                    </datafield>
                    <datafield tag="852" ind1="4" ind2=" ">
                        <subfield code="b">BIG</subfield>
                        <subfield code="c">EG</subfield>
                        <subfield code="h">BIG NON 17168</subfield>
                        <subfield code="8">22338757110001791</subfield>
                    </datafield>
                    <datafield tag="949" ind1=" " ind2=" ">
                        <subfield code="a">1950701606</subfield>
                        <subfield code="b">EG</subfield>
                        <subfield code="h">BOOK</subfield>
                        <subfield code="8">23338757100001791</subfield>
                        <subfield code="f">BIG</subfield>
                        <subfield code="c">BIG NON 17168</subfield>
                    </datafield>
                </record>
            </metadata>
        </record>