
        <record>
            <header>
                <identifier>oai:urm_publish:9925840881801791</identifier>
                <datestamp>2015-10-14T22:24:22Z</datestamp>
                <setSpec>OAI_Sbib</setSpec>
            </header>
            <metadata xmlns:xsi="http://www.w3.org/2001/XMLSchema-instance">
                <record xmlns="http://www.loc.gov/MARC21/slim"
                    xmlns:xsi="http://www.w3.org/2001/XMLSchema-instance"
                    xsi:schemaLocation="http://www.loc.gov/MARC21/slim http://www.loc.gov/standards/marcxml/schema/MARC21slim.xsd">
                    <leader>00939nem a2200229 a 4500</leader>
                    <controlfield tag="005">20151014121436.0</controlfield>
                    <controlfield tag="008">131110s1883 sz dg a f 0 ger d</controlfield>
                    <controlfield tag="001">9925840881801791</controlfield>
                    <datafield tag="019" ind1="0" ind2=" ">
                        <subfield code="a">Spezialbestand Landestopographie. Keine weiteren Item
                            Records anhängen!</subfield>
                        <subfield code="5">LT</subfield>
                    </datafield>
                    <datafield tag="034" ind1="1" ind2=" ">
                        <subfield code="a">a</subfield>
                        <subfield code="b">100000</subfield>
                        <subfield code="d">E0082018</subfield>
                        <subfield code="e">E0085841</subfield>
                        <subfield code="f">N0470010</subfield>
                        <subfield code="g">N0462828</subfield>
                    </datafield>
                    <datafield tag="035" ind1=" " ind2=" ">
                        <subfield code="a">bv9925840881801791</subfield>
                    </datafield>
                    <datafield tag="040" ind1=" " ind2=" ">
                        <subfield code="a">LT</subfield>
                        <subfield code="c">LT</subfield>
                    </datafield>
                    <datafield tag="245" ind1="0" ind2="0">
                        <subfield code="a">Canton Uri</subfield>
                        <subfield code="h">[Kartenmaterial] /</subfield>
                        <subfield code="c">H. Müllhaupt sc.</subfield>
                    </datafield>
                    <datafield tag="246" ind1="3" ind2=" ">
                        <subfield code="a">[Kanton Uri]</subfield>
                        <subfield code="h">[Kartenmaterial]</subfield>
                    </datafield>
                    <datafield tag="255" ind1=" " ind2=" ">
                        <subfield code="a">1:100 000</subfield>
                        <subfield code="c">(E 8°20'18"--E 8°58'41"/N 47°00'10"--N
                            46°28'28")</subfield>
                    </datafield>
                    <datafield tag="260" ind1=" " ind2=" ">
                        <subfield code="a">[Bern] :</subfield>
                        <subfield code="b">Eidg.s Stabsbureau,</subfield>
                        <subfield code="c">1883</subfield>
                    </datafield>
                    <datafield tag="300" ind1=" " ind2=" ">
                        <subfield code="a">1 Karte :</subfield>
                        <subfield code="b">Kupferplatte ;</subfield>
                        <subfield code="c">58 x 48 cm</subfield>
                    </datafield>
                    <datafield tag="500" ind1=" " ind2=" ">
                        <subfield code="a">Druckform für eine Zusammensetzung der Topographischen
                            Karte der Schweiz, Canton Uri</subfield>
                    </datafield>
                    <datafield tag="595" ind1=" " ind2=" ">
                        <subfield code="d">669 000</subfield>
                        <subfield code="e">717 000</subfield>
                        <subfield code="f">206 000</subfield>
                        <subfield code="g">148 000</subfield>
                    </datafield>
                    <datafield tag="700" ind1="1" ind2=" ">
                        <subfield code="a">Müllhaupt, Heinrich</subfield>
                    </datafield>
                    <datafield tag="710" ind1="1" ind2=" ">
                        <subfield code="a">Schweiz.</subfield>
                        <subfield code="b">Eidgenössisches Stabsbureau</subfield>
                    </datafield>
                    <datafield tag="999" ind1=" " ind2=" ">
                        <subfield code="a">kat40</subfield>
                    </datafield>
                    <datafield tag="852" ind1="8" ind2=" ">
                        <subfield code="b">LT</subfield>
                        <subfield code="c">Druckform</subfield>
                        <subfield code="h">LT KUPF 116</subfield>
                        <subfield code="8">22338786540001791</subfield>
                    </datafield>
                    <datafield tag="949" ind1=" " ind2=" ">
                        <subfield code="a">ITEM3149582</subfield>
                        <subfield code="b">Druckform</subfield>
                        <subfield code="8">23338786520001791</subfield>
                        <subfield code="f">LT</subfield>
                        <subfield code="c">LT KUPF 116</subfield>
                    </datafield>
                </record>
            </metadata>
        </record>