
        <record>
            <header>
                <identifier>oai:urm_publish:9925841504901791</identifier>
                <datestamp>2015-10-14T22:24:22Z</datestamp>
                <setSpec>OAI_Sbib</setSpec>
            </header>
            <metadata xmlns:xsi="http://www.w3.org/2001/XMLSchema-instance">
                <record xmlns="http://www.loc.gov/MARC21/slim"
                    xmlns:xsi="http://www.w3.org/2001/XMLSchema-instance"
                    xsi:schemaLocation="http://www.loc.gov/MARC21/slim http://www.loc.gov/standards/marcxml/schema/MARC21slim.xsd">
                    <leader>00530nas a2200181 a 4500</leader>
                    <controlfield tag="005">20151014122044.0</controlfield>
                    <controlfield tag="008">151008c20159999fr ar| | ||||i000 |0fre d</controlfield>
                    <controlfield tag="001">9925841504901791</controlfield>
                    <datafield tag="035" ind1=" " ind2=" ">
                        <subfield code="a">bv9925841504901791</subfield>
                    </datafield>
                    <datafield tag="040" ind1=" " ind2=" ">
                        <subfield code="a">BiG</subfield>
                        <subfield code="c">BiG</subfield>
                    </datafield>
                    <datafield tag="245" ind1="0" ind2="0">
                        <subfield code="a">OCDE360.</subfield>
                        <subfield code="p">Suisse</subfield>
                        <subfield code="h">[Periodicum]</subfield>
                        <subfield code="c">OECD</subfield>
                    </datafield>
                    <datafield tag="246" ind1=" " ind2=" ">
                        <subfield code="a">OCDE 360.</subfield>
                        <subfield code="p">Suisse</subfield>
                        <subfield code="h">[Periodicum]</subfield>
                    </datafield>
                    <datafield tag="260" ind1=" " ind2=" ">
                        <subfield code="a">[Paris] :</subfield>
                        <subfield code="b">OECD,</subfield>
                        <subfield code="c">2015-</subfield>
                    </datafield>
                    <datafield tag="300" ind1=" " ind2=" ">
                        <subfield code="c">30 cm</subfield>
                    </datafield>
                    <datafield tag="310" ind1=" " ind2=" ">
                        <subfield code="a">Annuel</subfield>
                    </datafield>
                    <datafield tag="362" ind1="0" ind2=" ">
                        <subfield code="a">2015-</subfield>
                    </datafield>
                    <datafield tag="710" ind1="2" ind2=" ">
                        <subfield code="a">Organisation for Economic Co-operation and
                            Development</subfield>
                    </datafield>
                    <datafield tag="775" ind1="0" ind2=" ">
                        <subfield code="t">OECD3560. Schweiz</subfield>
                        <subfield code="w">bv9925841506101791</subfield>
                    </datafield>
                    <datafield tag="852" ind1="8" ind2=" ">
                        <subfield code="b">BIG</subfield>
                        <subfield code="c">Zeitschr</subfield>
                        <subfield code="h">BIG PP I 2262</subfield>
                        <subfield code="8">22338829550001791</subfield>
                    </datafield>
                    <datafield tag="866" ind1=" " ind2="0">
                        <subfield code="a">2015-</subfield>
                        <subfield code="8">1</subfield>
                        <subfield code="8">22338829550001791</subfield>
                    </datafield>
                    <datafield tag="949" ind1=" " ind2=" ">
                        <subfield code="a">1950729603</subfield>
                        <subfield code="b">Zeitschr</subfield>
                        <subfield code="h">ISSUE</subfield>
                        <subfield code="8">23338829500001791</subfield>
                        <subfield code="e">2015</subfield>
                        <subfield code="f">BIG</subfield>
                        <subfield code="c">BIG PP I 2262</subfield>
                    </datafield>
                </record>
            </metadata>
        </record>