
        <record>
            <header>
                <identifier>oai:urm_publish:9925841794501791</identifier>
                <datestamp>2015-10-14T22:24:22Z</datestamp>
                <setSpec>OAI_Sbib</setSpec>
            </header>
            <metadata xmlns:xsi="http://www.w3.org/2001/XMLSchema-instance">
                <record xmlns="http://www.loc.gov/MARC21/slim"
                    xmlns:xsi="http://www.w3.org/2001/XMLSchema-instance"
                    xsi:schemaLocation="http://www.loc.gov/MARC21/slim http://www.loc.gov/standards/marcxml/schema/MARC21slim.xsd">
                    <leader>00889nam a22002292a 4500</leader>
                    <controlfield tag="005">20151014081734.0</controlfield>
                    <controlfield tag="008">131110s1974 gw b 000 0 ger d</controlfield>
                    <controlfield tag="001">9925841794501791</controlfield>
                    <datafield tag="035" ind1=" " ind2=" ">
                        <subfield code="a">bv9925841794501791</subfield>
                    </datafield>
                    <datafield tag="040" ind1=" " ind2=" ">
                        <subfield code="a">BiG</subfield>
                        <subfield code="c">BiG</subfield>
                    </datafield>
                    <datafield tag="100" ind1="1" ind2=" ">
                        <subfield code="a">Kölle, H.H.</subfield>
                    </datafield>
                    <datafield tag="245" ind1="1" ind2="0">
                        <subfield code="a">Inhaltlicher Entwurf eines zielorientierten
                            gesamtgesellschaftlichen Simulationsmodells /</subfield>
                        <subfield code="c">H.H. Kölle ; [Hrsg.:] Zentrum Berlin für
                            Zukunftsforschung e.V.</subfield>
                    </datafield>
                    <datafield tag="246" ind1="3" ind2="0">
                        <subfield code="a">GESIM</subfield>
                    </datafield>
                    <datafield tag="260" ind1=" " ind2=" ">
                        <subfield code="a">Berlin :</subfield>
                        <subfield code="b">Zentrum Berlin für Zukunftsforschung E.V.,</subfield>
                        <subfield code="c">1974</subfield>
                    </datafield>
                    <datafield tag="300" ind1=" " ind2=" ">
                        <subfield code="a">123 S. ;</subfield>
                        <subfield code="c">30 cm</subfield>
                    </datafield>
                    <datafield tag="490" ind1="1" ind2=" ">
                        <subfield code="a">ZBZ-Bericht</subfield>
                        <subfield code="v">Nr. 21</subfield>
                    </datafield>
                    <datafield tag="593" ind1=" " ind2=" ">
                        <subfield code="a">15.03.1974</subfield>
                        <subfield code="5">[VBS]</subfield>
                    </datafield>
                    <datafield tag="650" ind1=" " ind2="7">
                        <subfield code="a">Gesellschaftsentwicklung</subfield>
                        <subfield code="0">(DE-101)130694347</subfield>
                        <subfield code="2">gnd</subfield>
                    </datafield>
                    <datafield tag="650" ind1=" " ind2="7">
                        <subfield code="a">Simulation</subfield>
                        <subfield code="0">(DE-101)040550729</subfield>
                        <subfield code="2">gnd</subfield>
                    </datafield>
                    <datafield tag="650" ind1=" " ind2="7">
                        <subfield code="a">Information und Dokumentation</subfield>
                        <subfield code="0">(DE-101)040269019</subfield>
                        <subfield code="2">gnd</subfield>
                    </datafield>
                    <datafield tag="710" ind1="2" ind2=" ">
                        <subfield code="a">Zentrum Berlin für Zukunftsforschung</subfield>
                    </datafield>
                    <datafield tag="830" ind1=" " ind2="0">
                        <subfield code="a">ZBZ-Bericht</subfield>
                        <subfield code="v">21</subfield>
                    </datafield>
                    <datafield tag="852" ind1="8" ind2=" ">
                        <subfield code="b">BIG</subfield>
                        <subfield code="c">vSWTR</subfield>
                        <subfield code="h">BIG SWTR Eb-320/2</subfield>
                        <subfield code="8">22338844190001791</subfield>
                    </datafield>
                    <datafield tag="949" ind1=" " ind2=" ">
                        <subfield code="a">1950717460</subfield>
                        <subfield code="b">vSWTR</subfield>
                        <subfield code="8">23338844170001791</subfield>
                        <subfield code="f">BIG</subfield>
                        <subfield code="c">BIG SWTR Eb-320/2</subfield>
                    </datafield>
                </record>
            </metadata>
        </record>