
        <record>
            <header>
                <identifier>oai:urm_publish:9925841702701791</identifier>
                <datestamp>2015-10-14T22:24:22Z</datestamp>
                <setSpec>OAI_Sbib</setSpec>
            </header>
            <metadata xmlns:xsi="http://www.w3.org/2001/XMLSchema-instance">
                <record xmlns="http://www.loc.gov/MARC21/slim"
                    xmlns:xsi="http://www.w3.org/2001/XMLSchema-instance"
                    xsi:schemaLocation="http://www.loc.gov/MARC21/slim http://www.loc.gov/standards/marcxml/schema/MARC21slim.xsd">
                    <leader>01255nam a2200253 a 4500</leader>
                    <controlfield tag="005">20151014075756.0</controlfield>
                    <controlfield tag="008">151012s1990 sz a||| ||||s000 0 ger d</controlfield>
                    <controlfield tag="001">9925841702701791</controlfield>
                    <datafield tag="035" ind1=" " ind2=" ">
                        <subfield code="a">bv9925841702701791</subfield>
                    </datafield>
                    <datafield tag="040" ind1=" " ind2=" ">
                        <subfield code="a">BIG</subfield>
                        <subfield code="c">BIG</subfield>
                    </datafield>
                    <datafield tag="100" ind1="1" ind2=" ">
                        <subfield code="a">Imhof, B.</subfield>
                    </datafield>
                    <datafield tag="245" ind1="0" ind2="0">
                        <subfield code="a">Kantonale Schülerprognose 1990-2000 :</subfield>
                        <subfield code="b">zur Entwicklung des Zürcher Schulwesens in den neunziger
                            Jahren mit demographischen und schulorganisatorischen Strukturdaten
                            /</subfield>
                        <subfield code="c">B. Imhof ; [Hrsg.:] Erziehungsdirektion des Kantons
                            Zürich</subfield>
                    </datafield>
                    <datafield tag="260" ind1=" " ind2=" ">
                        <subfield code="a">Zürich :</subfield>
                        <subfield code="b">Erziehungsdirektion des Kantons Zürich, Pädagogische
                            Abteilung,</subfield>
                        <subfield code="c">1990</subfield>
                    </datafield>
                    <datafield tag="300" ind1=" " ind2=" ">
                        <subfield code="a">116 S. :</subfield>
                        <subfield code="b">Ill. ;</subfield>
                        <subfield code="c">30 cm</subfield>
                    </datafield>
                    <datafield tag="490" ind1="1" ind2=" ">
                        <subfield code="a">Berichte aus der pädagogischen Abteilung.
                            Bildungsstatistik</subfield>
                        <subfield code="v">Nr. 10</subfield>
                    </datafield>
                    <datafield tag="650" ind1=" " ind2="7">
                        <subfield code="a">Bildungspolitik</subfield>
                        <subfield code="0">(DE-101)040066673</subfield>
                        <subfield code="2">gnd</subfield>
                    </datafield>
                    <datafield tag="650" ind1=" " ind2="7">
                        <subfield code="a">Bildungsstatistik</subfield>
                        <subfield code="0">(DE-101)040066762</subfield>
                        <subfield code="2">gnd</subfield>
                    </datafield>
                    <datafield tag="650" ind1=" " ind2="7">
                        <subfield code="a">Schule</subfield>
                        <subfield code="0">(DE-101)04053474X</subfield>
                        <subfield code="2">gnd</subfield>
                    </datafield>
                    <datafield tag="650" ind1=" " ind2="7">
                        <subfield code="a">Schulorganisation</subfield>
                        <subfield code="0">(DE-101)041801822</subfield>
                        <subfield code="2">gnd</subfield>
                    </datafield>
                    <datafield tag="650" ind1=" " ind2="7">
                        <subfield code="a">Schüler</subfield>
                        <subfield code="0">(DE-101)040533697</subfield>
                        <subfield code="2">gnd</subfield>
                    </datafield>
                    <datafield tag="650" ind1=" " ind2="7">
                        <subfield code="a">Prognose</subfield>
                        <subfield code="0">(DE-101)040473902</subfield>
                        <subfield code="2">gnd</subfield>
                    </datafield>
                    <datafield tag="651" ind1=" " ind2="7">
                        <subfield code="a">Kanton Zürich</subfield>
                        <subfield code="0">(DE-101)04068041X</subfield>
                        <subfield code="2">gnd</subfield>
                    </datafield>
                    <datafield tag="710" ind1="1" ind2=" ">
                        <subfield code="a">Zürich (Kanton).</subfield>
                        <subfield code="b">Pädagogische Abteilung</subfield>
                    </datafield>
                    <datafield tag="830" ind1=" " ind2="0">
                        <subfield code="a">Berichte aus der pädagogischen Abteilung.</subfield>
                        <subfield code="p">Bildungsstatistik</subfield>
                        <subfield code="v">10</subfield>
                    </datafield>
                    <datafield tag="852" ind1="4" ind2=" ">
                        <subfield code="b">BIG</subfield>
                        <subfield code="c">Magazin1</subfield>
                        <subfield code="h">BIG SWTR TB-725</subfield>
                        <subfield code="8">22338868340001791</subfield>
                    </datafield>
                    <datafield tag="949" ind1=" " ind2=" ">
                        <subfield code="a">1950703864</subfield>
                        <subfield code="b">Magazin1</subfield>
                        <subfield code="8">23338868320001791</subfield>
                        <subfield code="f">BIG</subfield>
                        <subfield code="c">BIG SWTR TB-725</subfield>
                    </datafield>
                </record>
            </metadata>
        </record>