
        <record>
            <header>
                <identifier>oai:urm_publish:9925841702801791</identifier>
                <datestamp>2015-10-14T22:24:22Z</datestamp>
                <setSpec>OAI_Sbib</setSpec>
            </header>
            <metadata xmlns:xsi="http://www.w3.org/2001/XMLSchema-instance">
                <record xmlns="http://www.loc.gov/MARC21/slim"
                    xmlns:xsi="http://www.w3.org/2001/XMLSchema-instance"
                    xsi:schemaLocation="http://www.loc.gov/MARC21/slim http://www.loc.gov/standards/marcxml/schema/MARC21slim.xsd">
                    <leader>01298nam a2200241 a 4500</leader>
                    <controlfield tag="005">20151014092806.0</controlfield>
                    <controlfield tag="008">151012s1986 sz a||| ||||s000 0 ger d</controlfield>
                    <controlfield tag="001">9925841702801791</controlfield>
                    <datafield tag="035" ind1=" " ind2=" ">
                        <subfield code="a">bv9925841702801791</subfield>
                    </datafield>
                    <datafield tag="040" ind1=" " ind2=" ">
                        <subfield code="a">BIG</subfield>
                        <subfield code="c">BIG</subfield>
                    </datafield>
                    <datafield tag="245" ind1="0" ind2="0">
                        <subfield code="a">Volksschulstatistik 1984/85 ; Mittelschulstatistik
                            1983/84 ; Mittelschulstatistik 1984/85 /</subfield>
                        <subfield code="c">hrsg. von der Pädagogischen Abteilung... der
                            Erziehungsdirektion des Kantons Zürich</subfield>
                    </datafield>
                    <datafield tag="260" ind1=" " ind2=" ">
                        <subfield code="a">Zürich :</subfield>
                        <subfield code="b">Erziehungsdirektion des Kantons Zürich, Pädagogische
                            Abteilung,</subfield>
                        <subfield code="c">1986</subfield>
                    </datafield>
                    <datafield tag="300" ind1=" " ind2=" ">
                        <subfield code="a">118 S. :</subfield>
                        <subfield code="b">Ill. ;</subfield>
                        <subfield code="c">30 cm</subfield>
                    </datafield>
                    <datafield tag="490" ind1="1" ind2=" ">
                        <subfield code="a">Bildungsstatistische Berichte / Erziehungsdirektion des
                            Kantons Zürich</subfield>
                        <subfield code="v">Heft 28/29</subfield>
                    </datafield>
                    <datafield tag="650" ind1=" " ind2="7">
                        <subfield code="a">Bildungspolitik</subfield>
                        <subfield code="0">(DE-101)040066673</subfield>
                        <subfield code="2">gnd</subfield>
                    </datafield>
                    <datafield tag="650" ind1=" " ind2="7">
                        <subfield code="a">Bildungsstatistik</subfield>
                        <subfield code="0">(DE-101)040066762</subfield>
                        <subfield code="2">gnd</subfield>
                    </datafield>
                    <datafield tag="650" ind1=" " ind2="7">
                        <subfield code="a">Volksschule</subfield>
                        <subfield code="0">(DE-101)040638618</subfield>
                        <subfield code="2">gnd</subfield>
                    </datafield>
                    <datafield tag="650" ind1=" " ind2="7">
                        <subfield code="a">Mittelschule</subfield>
                        <subfield code="0">(DE-101)042975506</subfield>
                        <subfield code="2">gnd</subfield>
                    </datafield>
                    <datafield tag="651" ind1=" " ind2="7">
                        <subfield code="a">Kanton Zürich</subfield>
                        <subfield code="0">(DE-101)04068041X</subfield>
                        <subfield code="2">gnd</subfield>
                    </datafield>
                    <datafield tag="710" ind1="1" ind2=" ">
                        <subfield code="a">Zürich (Kanton).</subfield>
                        <subfield code="b">Pädagogische Abteilung</subfield>
                    </datafield>
                    <datafield tag="710" ind1="1" ind2=" ">
                        <subfield code="a">Zürich (Kanton).</subfield>
                        <subfield code="b">Pädagogische Abteilung. -</subfield>
                        <subfield code="t">Mittelschulstatistik 1983/84</subfield>
                    </datafield>
                    <datafield tag="710" ind1="1" ind2=" ">
                        <subfield code="a">Zürich (Kanton).</subfield>
                        <subfield code="b">Pädagogische Abteilung. -</subfield>
                        <subfield code="t">Mittelschulstatistik 1984/85</subfield>
                    </datafield>
                    <datafield tag="830" ind1=" " ind2="0">
                        <subfield code="a">Bildungsstatistische Berichte / Erziehungsdirektion des
                            Kantons Zürich</subfield>
                        <subfield code="v">28/29</subfield>
                    </datafield>
                    <datafield tag="852" ind1="4" ind2=" ">
                        <subfield code="b">BIG</subfield>
                        <subfield code="c">Magazin1</subfield>
                        <subfield code="h">BIG SWTR TB-723</subfield>
                        <subfield code="8">22338868450001791</subfield>
                    </datafield>
                    <datafield tag="949" ind1=" " ind2=" ">
                        <subfield code="a">1950703861</subfield>
                        <subfield code="b">Magazin1</subfield>
                        <subfield code="8">23338868430001791</subfield>
                        <subfield code="f">BIG</subfield>
                        <subfield code="c">BIG SWTR TB-723</subfield>
                    </datafield>
                </record>
            </metadata>
        </record>