
        <record>
            <header>
                <identifier>oai:urm_publish:9914623194101791</identifier>
                <datestamp>2015-10-14T22:24:22Z</datestamp>
                <setSpec>OAI_Sbib</setSpec>
            </header>
            <metadata xmlns:xsi="http://www.w3.org/2001/XMLSchema-instance">
                <record xmlns="http://www.loc.gov/MARC21/slim"
                    xmlns:xsi="http://www.w3.org/2001/XMLSchema-instance"
                    xsi:schemaLocation="http://www.loc.gov/MARC21/slim http://www.loc.gov/standards/marcxml/schema/MARC21slim.xsd">
                    <leader>01402nas a2200289 a 4500</leader>
                    <controlfield tag="005">20150127210905.0</controlfield>
                    <controlfield tag="008">131110c20129999sz mr p 0 0ger d</controlfield>
                    <controlfield tag="001">9914623194101791</controlfield>
                    <datafield tag="022" ind1=" " ind2=" ">
                        <subfield code="a">2235-5197 $2 40</subfield>
                        <subfield code="y">1018-760X</subfield>
                    </datafield>
                    <datafield tag="035" ind1=" " ind2=" ">
                        <subfield code="a">vtls001462319-41big_inst</subfield>
                    </datafield>
                    <datafield tag="035" ind1=" " ind2=" ">
                        <subfield code="a">bv001462319</subfield>
                    </datafield>
                    <datafield tag="039" ind1=" " ind2="9">
                        <subfield code="a">201307170056</subfield>
                        <subfield code="b">afabig</subfield>
                        <subfield code="c">201209201739</subfield>
                        <subfield code="d">afabig</subfield>
                        <subfield code="c">201201131033</subfield>
                        <subfield code="d">cpabfs</subfield>
                        <subfield code="y">201201051216</subfield>
                        <subfield code="z">nadbig</subfield>
                    </datafield>
                    <datafield tag="040" ind1=" " ind2=" ">
                        <subfield code="a">BiG</subfield>
                        <subfield code="c">BiG</subfield>
                    </datafield>
                    <datafield tag="041" ind1="0" ind2=" ">
                        <subfield code="a">ger</subfield>
                        <subfield code="a">fre</subfield>
                    </datafield>
                    <datafield tag="245" ind1="0" ind2="0">
                        <subfield code="a">Aqua &amp; Gas</subfield>
                        <subfield code="h">[Periodicum] :</subfield>
                        <subfield code="b">Fachzeitschrift für Gas, Wasser und Abwasser :
                            offizielles Organ des Schweizerischen Vereins des Gas- und Wasserfaches
                            (SVGW) und des Verbandes Schweizer Abwasser- und Gewässerschutzfachleute
                            (VSA) = revue pour le gaz, l'eau et les eaux usées : organe officiel de
                            la Société suisse de l'industrie du gaz et des eaux (SSIGE) et de
                            l'Association suisse des professionnels de la protection des eaux
                            (VSA)</subfield>
                    </datafield>
                    <datafield tag="246" ind1="3" ind2=" ">
                        <subfield code="a">Aqua und Gas</subfield>
                        <subfield code="h">[Periodicum]</subfield>
                    </datafield>
                    <datafield tag="246" ind1="3" ind2=" ">
                        <subfield code="a">Aqua et Gas</subfield>
                        <subfield code="h">[Periodicum]</subfield>
                    </datafield>
                    <datafield tag="260" ind1=" " ind2=" ">
                        <subfield code="a">Zürich :</subfield>
                        <subfield code="b">Schweizerischer Verein des Gas- und
                            Wasserfaches,</subfield>
                        <subfield code="c">2012-</subfield>
                    </datafield>
                    <datafield tag="300" ind1=" " ind2=" ">
                        <subfield code="c">30 cm</subfield>
                    </datafield>
                    <datafield tag="310" ind1=" " ind2=" ">
                        <subfield code="a">Monatl.</subfield>
                    </datafield>
                    <datafield tag="362" ind1="0" ind2=" ">
                        <subfield code="a">Jg. 92, no 1 (2012)-</subfield>
                    </datafield>
                    <datafield tag="580" ind1=" " ind2=" ">
                        <subfield code="a">Forts. von: GWA</subfield>
                    </datafield>
                    <datafield tag="710" ind1="2" ind2=" ">
                        <subfield code="a">Schweizerischer Verein des Gas- und
                            Wasserfaches</subfield>
                    </datafield>
                    <datafield tag="710" ind1="2" ind2=" ">
                        <subfield code="a">Verband Schweizer Abwasser- und
                            Gewässerschutzfachleute</subfield>
                    </datafield>
                    <datafield tag="780" ind1="1" ind2="0">
                        <subfield code="t">GWA</subfield>
                        <subfield code="x">1018-760X</subfield>
                    </datafield>
                    <datafield tag="891" ind1="2" ind2=" ">
                        <subfield code="9">853</subfield>
                        <subfield code="8">2</subfield>
                        <subfield code="a">Jg.</subfield>
                        <subfield code="b">no</subfield>
                        <subfield code="u">12</subfield>
                        <subfield code="v">r</subfield>
                        <subfield code="i">(year)</subfield>
                        <subfield code="w">m</subfield>
                    </datafield>
                    <datafield tag="999" ind1=" " ind2=" ">
                        <subfield code="a">kat05per</subfield>
                        <subfield code="b">2012/01</subfield>
                    </datafield>
                    <datafield tag="852" ind1=" " ind2=" ">
                        <subfield code="b">BIG</subfield>
                        <subfield code="c">Zeitschr</subfield>
                        <subfield code="h">BIG PP I 749</subfield>
                        <subfield code="8">22307063360001791</subfield>
                    </datafield>
                    <datafield tag="866" ind1=" " ind2="0">
                        <subfield code="a">Jg. 92(2012)-</subfield>
                        <subfield code="8">2.1</subfield>
                        <subfield code="8">22307063360001791</subfield>
                    </datafield>
                    <datafield tag="866" ind1=" " ind2="0">
                        <subfield code="a">Suppl.: Zertifizierungsverzeichnis Wasser
                            2012-</subfield>
                        <subfield code="8">2.2</subfield>
                        <subfield code="8">22307063360001791</subfield>
                    </datafield>
                    <datafield tag="852" ind1="4" ind2=" ">
                        <subfield code="b">BIG</subfield>
                        <subfield code="c">EG</subfield>
                        <subfield code="h">BBL</subfield>
                        <subfield code="8">22337128760001791</subfield>
                    </datafield>
                    <datafield tag="852" ind1="8" ind2=" ">
                        <subfield code="a">41BIG_INST</subfield>
                        <subfield code="b">BIG</subfield>
                        <subfield code="c">Zeitschr</subfield>
                        <subfield code="h">Zirkulation-BABS</subfield>
                        <subfield code="8">22330491510001791</subfield>
                    </datafield>
                    <datafield tag="949" ind1=" " ind2=" ">
                        <subfield code="a">1950540682</subfield>
                        <subfield code="b">Zeitschr</subfield>
                        <subfield code="h">ISSUE</subfield>
                        <subfield code="8">23333453650001791</subfield>
                        <subfield code="e">Jg.94:Nr.9 (2014)</subfield>
                        <subfield code="f">BIG</subfield>
                        <subfield code="c">BIG PP I 749</subfield>
                    </datafield>
                    <datafield tag="949" ind1=" " ind2=" ">
                        <subfield code="a">1950682424</subfield>
                        <subfield code="b">Zeitschr</subfield>
                        <subfield code="h">ISSUE</subfield>
                        <subfield code="8">23334199440001791</subfield>
                        <subfield code="e">Jg.94:Nr.11 (2014:November)</subfield>
                        <subfield code="f">BIG</subfield>
                        <subfield code="c">BIG PP I 749</subfield>
                    </datafield>
                    <datafield tag="949" ind1=" " ind2=" ">
                        <subfield code="a">1950673088</subfield>
                        <subfield code="b">Zeitschr</subfield>
                        <subfield code="h">ISSUE</subfield>
                        <subfield code="8">23331743700001791</subfield>
                        <subfield code="e">Jg.94:Nr.3 (2014)</subfield>
                        <subfield code="f">BIG</subfield>
                        <subfield code="c">BIG PP I 749</subfield>
                    </datafield>
                    <datafield tag="949" ind1=" " ind2=" ">
                        <subfield code="a">1950682291</subfield>
                        <subfield code="b">Zeitschr</subfield>
                        <subfield code="h">ISSUE</subfield>
                        <subfield code="8">23333479940001791</subfield>
                        <subfield code="e">Jg.94:Nr.7-8 (2014)</subfield>
                        <subfield code="f">BIG</subfield>
                        <subfield code="c">BIG PP I 749</subfield>
                    </datafield>
                    <datafield tag="949" ind1=" " ind2=" ">
                        <subfield code="a">1950682378</subfield>
                        <subfield code="b">Zeitschr</subfield>
                        <subfield code="h">ISSUE</subfield>
                        <subfield code="8">23333884140001791</subfield>
                        <subfield code="e">Jg.94:Nr.10 (2014)</subfield>
                        <subfield code="f">BIG</subfield>
                        <subfield code="c">BIG PP I 749</subfield>
                    </datafield>
                    <datafield tag="949" ind1=" " ind2=" ">
                        <subfield code="a">1950681138</subfield>
                        <subfield code="b">Zeitschr</subfield>
                        <subfield code="h">ISSUE</subfield>
                        <subfield code="8">23332579540001791</subfield>
                        <subfield code="e">Jg.94:Nr.6 (2014)</subfield>
                        <subfield code="f">BIG</subfield>
                        <subfield code="c">BIG PP I 749</subfield>
                    </datafield>
                    <datafield tag="949" ind1=" " ind2=" ">
                        <subfield code="a">1950657874</subfield>
                        <subfield code="b">Zeitschr</subfield>
                        <subfield code="h">ISSUE</subfield>
                        <subfield code="8">23334407330001791</subfield>
                        <subfield code="e">Jg.94:Nr.12 (2014)</subfield>
                        <subfield code="f">BIG</subfield>
                        <subfield code="c">BIG PP I 749</subfield>
                    </datafield>
                    <datafield tag="949" ind1=" " ind2=" ">
                        <subfield code="a">1950657544</subfield>
                        <subfield code="b">Zeitschr</subfield>
                        <subfield code="h">ISSUE</subfield>
                        <subfield code="8">23332529410001791</subfield>
                        <subfield code="e">Jg.94:Nr.5 (2014)</subfield>
                        <subfield code="f">BIG</subfield>
                        <subfield code="c">BIG PP I 749</subfield>
                    </datafield>
                    <datafield tag="949" ind1=" " ind2=" ">
                        <subfield code="a">1950682714</subfield>
                        <subfield code="b">Zeitschr</subfield>
                        <subfield code="h">ISSUE</subfield>
                        <subfield code="8">23336989990001791</subfield>
                        <subfield code="e">Jg.95:Nr.4 (2015)</subfield>
                        <subfield code="f">BIG</subfield>
                        <subfield code="c">BIG PP I 749</subfield>
                    </datafield>
                    <datafield tag="949" ind1=" " ind2=" ">
                        <subfield code="a">ITEM3082851</subfield>
                        <subfield code="b">Zeitschr</subfield>
                        <subfield code="h">ISSUE</subfield>
                        <subfield code="8">23330598590001791</subfield>
                        <subfield code="e">Jg.93:Nr.11 (2013)</subfield>
                        <subfield code="f">BIG</subfield>
                        <subfield code="c">BIG PP I 749</subfield>
                    </datafield>
                    <datafield tag="949" ind1=" " ind2=" ">
                        <subfield code="a">1950657875</subfield>
                        <subfield code="b">Zeitschr</subfield>
                        <subfield code="h">ISSUE</subfield>
                        <subfield code="8">23331532840001791</subfield>
                        <subfield code="e">Jg.94:Nr.1 (2014)</subfield>
                        <subfield code="f">BIG</subfield>
                        <subfield code="c">BIG PP I 749</subfield>
                    </datafield>
                    <datafield tag="949" ind1=" " ind2=" ">
                        <subfield code="a">1950682528</subfield>
                        <subfield code="b">Zeitschr</subfield>
                        <subfield code="h">ISSUE</subfield>
                        <subfield code="8">23334828790001791</subfield>
                        <subfield code="e">Jg.95:Nr.1 (2015)</subfield>
                        <subfield code="f">BIG</subfield>
                        <subfield code="c">BIG PP I 749</subfield>
                    </datafield>
                    <datafield tag="949" ind1=" " ind2=" ">
                        <subfield code="a">1950683505</subfield>
                        <subfield code="b">Zeitschr</subfield>
                        <subfield code="h">ISSUE</subfield>
                        <subfield code="8">23338698890001791</subfield>
                        <subfield code="e">Jg.95:Nr.7/8 (2015)</subfield>
                        <subfield code="f">BIG</subfield>
                        <subfield code="c">BIG PP I 749</subfield>
                    </datafield>
                    <datafield tag="949" ind1=" " ind2=" ">
                        <subfield code="a">1950673124</subfield>
                        <subfield code="b">Zeitschr</subfield>
                        <subfield code="h">ISSUE</subfield>
                        <subfield code="8">23331777150001791</subfield>
                        <subfield code="e">Jg.93:Nr.12 (2013)</subfield>
                        <subfield code="f">BIG</subfield>
                        <subfield code="c">BIG PP I 749</subfield>
                    </datafield>
                    <datafield tag="949" ind1=" " ind2=" ">
                        <subfield code="a">1950706877</subfield>
                        <subfield code="b">Zeitschr</subfield>
                        <subfield code="h">ISSUE</subfield>
                        <subfield code="8">23337383610001791</subfield>
                        <subfield code="e">Jg.95:Nr.5 (2015)</subfield>
                        <subfield code="f">BIG</subfield>
                        <subfield code="c">BIG PP I 749</subfield>
                    </datafield>
                    <datafield tag="949" ind1=" " ind2=" ">
                        <subfield code="a">ITEM3140832</subfield>
                        <subfield code="b">EG</subfield>
                        <subfield code="h">ISSUE</subfield>
                        <subfield code="8">23337557660001791</subfield>
                        <subfield code="e">Jg.2015:Nr.9 (2015)</subfield>
                        <subfield code="f">BIG</subfield>
                        <subfield code="c">BBL</subfield>
                    </datafield>
                    <datafield tag="949" ind1=" " ind2=" ">
                        <subfield code="a">ITEM3089772</subfield>
                        <subfield code="b">Zeitschr</subfield>
                        <subfield code="h">ISSUE</subfield>
                        <subfield code="8">23331533660001791</subfield>
                        <subfield code="e">Jg.94:Nr.2 (2014)</subfield>
                        <subfield code="f">BIG</subfield>
                        <subfield code="c">BIG PP I 749</subfield>
                    </datafield>
                    <datafield tag="949" ind1=" " ind2=" ">
                        <subfield code="a">1950706585</subfield>
                        <subfield code="b">Zeitschr</subfield>
                        <subfield code="h">ISSUE</subfield>
                        <subfield code="8">23337036260001791</subfield>
                        <subfield code="e">Jg.95:Nr.3 (2015)</subfield>
                        <subfield code="f">BIG</subfield>
                        <subfield code="c">BIG PP I 749</subfield>
                    </datafield>
                    <datafield tag="949" ind1=" " ind2=" ">
                        <subfield code="a">1950681137</subfield>
                        <subfield code="b">Zeitschr</subfield>
                        <subfield code="h">ISSUE</subfield>
                        <subfield code="8">23332579550001791</subfield>
                        <subfield code="e">Jg.94:Nr.4 (2014)</subfield>
                        <subfield code="f">BIG</subfield>
                        <subfield code="c">BIG PP I 749</subfield>
                    </datafield>
                    <datafield tag="949" ind1=" " ind2=" ">
                        <subfield code="a">1950693175</subfield>
                        <subfield code="b">Zeitschr</subfield>
                        <subfield code="h">ISSUE</subfield>
                        <subfield code="8">23337178500001791</subfield>
                        <subfield code="e">Jg.95:Nr.2 (2015)</subfield>
                        <subfield code="f">BIG</subfield>
                        <subfield code="c">BIG PP I 749</subfield>
                    </datafield>
                    <datafield tag="949" ind1=" " ind2=" ">
                        <subfield code="a">1950697679</subfield>
                        <subfield code="b">Zeitschr</subfield>
                        <subfield code="h">ISSUE</subfield>
                        <subfield code="8">23337599130001791</subfield>
                        <subfield code="e">Jg.95:Nr.6 (2015)</subfield>
                        <subfield code="f">BIG</subfield>
                        <subfield code="c">BIG PP I 749</subfield>
                    </datafield>
                    <datafield tag="949" ind1=" " ind2=" ">
                        <subfield code="a">1950715150</subfield>
                        <subfield code="b">Zeitschr</subfield>
                        <subfield code="h">ISSUE</subfield>
                        <subfield code="8">23338919800001791</subfield>
                        <subfield code="e">Jg.95:Nr.9 (2015)</subfield>
                        <subfield code="f">BIG</subfield>
                        <subfield code="c">BIG PP I 749</subfield>
                    </datafield>
                </record>
            </metadata>
        </record>