
        <record>
            <header>
                <identifier>oai:urm_publish:998423754101791</identifier>
                <datestamp>2015-10-14T22:24:22Z</datestamp>
                <setSpec>OAI_Sbib</setSpec>
            </header>
            <metadata xmlns:xsi="http://www.w3.org/2001/XMLSchema-instance">
                <record xmlns="http://www.loc.gov/MARC21/slim"
                    xmlns:xsi="http://www.w3.org/2001/XMLSchema-instance"
                    xsi:schemaLocation="http://www.loc.gov/MARC21/slim http://www.loc.gov/standards/marcxml/schema/MARC21slim.xsd">
                    <leader>00947nas a22002411a 4500</leader>
                    <controlfield tag="005">20150925115442.0</controlfield>
                    <controlfield tag="008">131110c19139999sz mr p 0 0ger d</controlfield>
                    <controlfield tag="001">998423754101791</controlfield>
                    <datafield tag="035" ind1=" " ind2=" ">
                        <subfield code="a">vtls000842375-41big_inst</subfield>
                    </datafield>
                    <datafield tag="035" ind1=" " ind2=" ">
                        <subfield code="a">bv000842375</subfield>
                    </datafield>
                    <datafield tag="039" ind1=" " ind2="9">
                        <subfield code="a">201209201655</subfield>
                        <subfield code="b">afabig</subfield>
                        <subfield code="c">201105210701</subfield>
                        <subfield code="d">VLOAD</subfield>
                        <subfield code="c">200511141854</subfield>
                        <subfield code="d">sbrbk</subfield>
                        <subfield code="c">200511141836</subfield>
                        <subfield code="d">VLOAD</subfield>
                        <subfield code="y">200209041446</subfield>
                        <subfield code="z">load0013</subfield>
                    </datafield>
                    <datafield tag="040" ind1=" " ind2=" ">
                        <subfield code="a">VZ</subfield>
                        <subfield code="c">VZ</subfield>
                        <subfield code="d">SLB</subfield>
                    </datafield>
                    <datafield tag="245" ind1="0" ind2="0">
                        <subfield code="a">Pontonier</subfield>
                        <subfield code="h">[Periodicum] :</subfield>
                        <subfield code="b">offizielles Organ des Schweizerischen
                            Pontonier-Fahrvereins</subfield>
                    </datafield>
                    <datafield tag="260" ind1=" " ind2=" ">
                        <subfield code="a">Lenzburg ;</subfield>
                        <subfield code="a">[dann] Aesch :</subfield>
                        <subfield code="b">Schweizerischer Pontonier-Fahrverein,</subfield>
                        <subfield code="c">1913-</subfield>
                    </datafield>
                    <datafield tag="260" ind1="3" ind2=" ">
                        <subfield code="3">2011-</subfield>
                        <subfield code="a">Schwaderloch :</subfield>
                        <subfield code="b">Schweizerischer Pontonier-Sportverband</subfield>
                    </datafield>
                    <datafield tag="300" ind1=" " ind2=" ">
                        <subfield code="c">21 cm</subfield>
                    </datafield>
                    <datafield tag="310" ind1=" " ind2=" ">
                        <subfield code="a">Monatl.</subfield>
                    </datafield>
                    <datafield tag="362" ind1="0" ind2=" ">
                        <subfield code="a">Jg.1(1913)-</subfield>
                    </datafield>
                    <datafield tag="500" ind1=" " ind2=" ">
                        <subfield code="a">Format 3(1915)-4(1916): 4°</subfield>
                    </datafield>
                    <datafield tag="710" ind1="2" ind2=" ">
                        <subfield code="a">Schweizerischer Pontonier-Fahrverein</subfield>
                    </datafield>
                    <datafield tag="710" ind1="2" ind2=" ">
                        <subfield code="a">Schweizerischer Pontonier-Sportverband</subfield>
                    </datafield>
                    <datafield tag="891" ind1="2" ind2=" ">
                        <subfield code="9">853</subfield>
                        <subfield code="8">2</subfield>
                        <subfield code="a">Jg.</subfield>
                        <subfield code="b">Nr.</subfield>
                        <subfield code="u">9</subfield>
                        <subfield code="v">r</subfield>
                        <subfield code="i">(year)</subfield>
                        <subfield code="j">(month)</subfield>
                        <subfield code="w">9</subfield>
                    </datafield>
                    <datafield tag="999" ind1=" " ind2=" ">
                        <subfield code="a">kat05per</subfield>
                        <subfield code="b">curreger</subfield>
                    </datafield>
                    <datafield tag="852" ind1=" " ind2=" ">
                        <subfield code="b">BIG</subfield>
                        <subfield code="c">Zeitschr</subfield>
                        <subfield code="h">BIG PP I 139</subfield>
                        <subfield code="8">22301829800001791</subfield>
                    </datafield>
                    <datafield tag="866" ind1=" " ind2="0">
                        <subfield code="a">Jg. 33, Nr. 1(1946)-</subfield>
                        <subfield code="8">1</subfield>
                        <subfield code="8">22301829800001791</subfield>
                    </datafield>
                    <datafield tag="949" ind1=" " ind2=" ">
                        <subfield code="a">ITEM3101374</subfield>
                        <subfield code="b">Zeitschr</subfield>
                        <subfield code="h">ISSUE</subfield>
                        <subfield code="8">23332186110001791</subfield>
                        <subfield code="e">Jg.102:Nr.6/7 (2014:Juni/Juli)</subfield>
                        <subfield code="f">BIG</subfield>
                        <subfield code="c">BIG PP I 139</subfield>
                    </datafield>
                    <datafield tag="949" ind1=" " ind2=" ">
                        <subfield code="a">1950669666</subfield>
                        <subfield code="b">Zeitschr</subfield>
                        <subfield code="h">ISSUE</subfield>
                        <subfield code="8">23332968150001791</subfield>
                        <subfield code="e">Jg.102:Nr.8 (2014:Aug.)</subfield>
                        <subfield code="f">BIG</subfield>
                        <subfield code="c">BIG PP I 139</subfield>
                    </datafield>
                    <datafield tag="949" ind1=" " ind2=" ">
                        <subfield code="a">1950644608</subfield>
                        <subfield code="b">Zeitschr</subfield>
                        <subfield code="h">ISSUE</subfield>
                        <subfield code="8">23331299480001791</subfield>
                        <subfield code="e">Jg.102:Nr.1/2 (2014)</subfield>
                        <subfield code="f">BIG</subfield>
                        <subfield code="c">BIG PP I 139</subfield>
                    </datafield>
                    <datafield tag="949" ind1=" " ind2=" ">
                        <subfield code="a">ITEM3088516</subfield>
                        <subfield code="b">Zeitschr</subfield>
                        <subfield code="d">BIG PP I 139 2013 11/12</subfield>
                        <subfield code="h">ISSUE</subfield>
                        <subfield code="8">23331468930001791</subfield>
                        <subfield code="e">Jg.101:Nr.11/12 (2013)</subfield>
                        <subfield code="f">BIG</subfield>
                        <subfield code="c">BIG PP I 139</subfield>
                    </datafield>
                    <datafield tag="949" ind1=" " ind2=" ">
                        <subfield code="a">1950683519</subfield>
                        <subfield code="b">Zeitschr</subfield>
                        <subfield code="h">ISSUE</subfield>
                        <subfield code="8">23338729930001791</subfield>
                        <subfield code="e">Jg.103:Nr.9 (2015:Sept.)</subfield>
                        <subfield code="f">BIG</subfield>
                        <subfield code="c">BIG PP I 139</subfield>
                    </datafield>
                    <datafield tag="949" ind1=" " ind2=" ">
                        <subfield code="a">1950697959</subfield>
                        <subfield code="b">Zeitschr</subfield>
                        <subfield code="h">ISSUE</subfield>
                        <subfield code="8">23338929530001791</subfield>
                        <subfield code="e">Jg.103:Nr.10 (2015:Okt)</subfield>
                        <subfield code="f">BIG</subfield>
                        <subfield code="c">BIG PP I 139</subfield>
                    </datafield>
                    <datafield tag="949" ind1=" " ind2=" ">
                        <subfield code="a">1950682720</subfield>
                        <subfield code="b">Zeitschr</subfield>
                        <subfield code="h">ISSUE</subfield>
                        <subfield code="8">23337077630001791</subfield>
                        <subfield code="e">Jg.103:Nr.5 (2015:Mai)</subfield>
                        <subfield code="f">BIG</subfield>
                        <subfield code="c">BIG PP I 139</subfield>
                    </datafield>
                    <datafield tag="949" ind1=" " ind2=" ">
                        <subfield code="a">1950693071</subfield>
                        <subfield code="b">Zeitschr</subfield>
                        <subfield code="h">ISSUE</subfield>
                        <subfield code="8">23336720270001791</subfield>
                        <subfield code="e">Jg.103:Nr.4 (2015:Apr.)</subfield>
                        <subfield code="f">BIG</subfield>
                        <subfield code="c">BIG PP I 139</subfield>
                    </datafield>
                    <datafield tag="949" ind1=" " ind2=" ">
                        <subfield code="a">1950669847</subfield>
                        <subfield code="b">Zeitschr</subfield>
                        <subfield code="h">ISSUE</subfield>
                        <subfield code="8">23333617110001791</subfield>
                        <subfield code="e">Jg.102:Nr.10 (2014:Okt)</subfield>
                        <subfield code="f">BIG</subfield>
                        <subfield code="c">BIG PP I 139</subfield>
                    </datafield>
                    <datafield tag="949" ind1=" " ind2=" ">
                        <subfield code="a">1950682410</subfield>
                        <subfield code="b">Zeitschr</subfield>
                        <subfield code="h">ISSUE</subfield>
                        <subfield code="8">23334077060001791</subfield>
                        <subfield code="e">Jg.102:Nr.11/12 (2014:Nov./Dez.)</subfield>
                        <subfield code="f">BIG</subfield>
                        <subfield code="c">BIG PP I 139</subfield>
                    </datafield>
                    <datafield tag="949" ind1=" " ind2=" ">
                        <subfield code="a">1950683008</subfield>
                        <subfield code="b">Zeitschr</subfield>
                        <subfield code="h">ISSUE</subfield>
                        <subfield code="8">23331842310001791</subfield>
                        <subfield code="e">Jg.102:Nr.5 (2014:Mai)</subfield>
                        <subfield code="f">BIG</subfield>
                        <subfield code="c">BIG PP I 139</subfield>
                    </datafield>
                    <datafield tag="949" ind1=" " ind2=" ">
                        <subfield code="a">1950644837</subfield>
                        <subfield code="b">Zeitschr</subfield>
                        <subfield code="h">ISSUE</subfield>
                        <subfield code="8">23331733920001791</subfield>
                        <subfield code="e">Jg.102:Nr.4 (2014:April)</subfield>
                        <subfield code="f">BIG</subfield>
                        <subfield code="c">BIG PP I 139</subfield>
                    </datafield>
                    <datafield tag="949" ind1=" " ind2=" ">
                        <subfield code="a">1950697151</subfield>
                        <subfield code="b">Zeitschr</subfield>
                        <subfield code="h">ISSUE</subfield>
                        <subfield code="8">23334687510001791</subfield>
                        <subfield code="e">Jg.103:Nr.1/2 (2015Jan/Feb)</subfield>
                        <subfield code="f">BIG</subfield>
                        <subfield code="c">BIG PP I 139</subfield>
                    </datafield>
                    <datafield tag="949" ind1=" " ind2=" ">
                        <subfield code="a">1950644833</subfield>
                        <subfield code="b">Zeitschr</subfield>
                        <subfield code="h">ISSUE</subfield>
                        <subfield code="8">23331733980001791</subfield>
                        <subfield code="e">Jg.102:Nr.3 (2014:März)</subfield>
                        <subfield code="f">BIG</subfield>
                        <subfield code="c">BIG PP I 139</subfield>
                    </datafield>
                    <datafield tag="949" ind1=" " ind2=" ">
                        <subfield code="a">1950697261</subfield>
                        <subfield code="b">Zeitschr</subfield>
                        <subfield code="h">ISSUE</subfield>
                        <subfield code="8">23335209660001791</subfield>
                        <subfield code="e">Jg.103:Nr.3 (2015:März)</subfield>
                        <subfield code="f">BIG</subfield>
                        <subfield code="c">BIG PP I 139</subfield>
                    </datafield>
                    <datafield tag="949" ind1=" " ind2=" ">
                        <subfield code="a">1950681629</subfield>
                        <subfield code="b">Zeitschr</subfield>
                        <subfield code="h">ISSUE</subfield>
                        <subfield code="8">23333284450001791</subfield>
                        <subfield code="e">Jg.102:Nr.9 (2014:Sept.)</subfield>
                        <subfield code="f">BIG</subfield>
                        <subfield code="c">BIG PP I 139</subfield>
                    </datafield>
                    <datafield tag="949" ind1=" " ind2=" ">
                        <subfield code="a">1950693314</subfield>
                        <subfield code="b">Zeitschr</subfield>
                        <subfield code="h">ISSUE</subfield>
                        <subfield code="8">23338314420001791</subfield>
                        <subfield code="e">Jg.103:Nr.8 (2015:Aug.)</subfield>
                        <subfield code="f">BIG</subfield>
                        <subfield code="c">BIG PP I 139</subfield>
                    </datafield>
                    <datafield tag="949" ind1=" " ind2=" ">
                        <subfield code="a">1950697608</subfield>
                        <subfield code="b">Zeitschr</subfield>
                        <subfield code="h">ISSUE</subfield>
                        <subfield code="8">23337377050001791</subfield>
                        <subfield code="e">Jg.103:Nr.6/7 (2015:Juni/Juli)</subfield>
                        <subfield code="f">BIG</subfield>
                        <subfield code="c">BIG PP I 139</subfield>
                    </datafield>
                </record>
            </metadata>
        </record>