
        <record>
            <header>
                <identifier>oai:urm_publish:996333344101791</identifier>
                <datestamp>2015-10-14T22:24:22Z</datestamp>
                <setSpec>OAI_Sbib</setSpec>
            </header>
            <metadata xmlns:xsi="http://www.w3.org/2001/XMLSchema-instance">
                <record xmlns="http://www.loc.gov/MARC21/slim"
                    xmlns:xsi="http://www.w3.org/2001/XMLSchema-instance"
                    xsi:schemaLocation="http://www.loc.gov/MARC21/slim http://www.loc.gov/standards/marcxml/schema/MARC21slim.xsd">
                    <leader>01580nam a22004212i 4500</leader>
                    <controlfield tag="005">20151014142035.0</controlfield>
                    <controlfield tag="008">131110s1974 gw 000 0 ger d</controlfield>
                    <controlfield tag="001">996333344101791</controlfield>
                    <datafield tag="035" ind1=" " ind2=" ">
                        <subfield code="a">vtls000633334-41big_inst</subfield>
                    </datafield>
                    <datafield tag="035" ind1=" " ind2=" ">
                        <subfield code="a">bv00694322</subfield>
                    </datafield>
                    <datafield tag="039" ind1=" " ind2=" ">
                        <subfield code="a">1.1675</subfield>
                    </datafield>
                    <datafield tag="039" ind1=" " ind2="9">
                        <subfield code="a">201309091100</subfield>
                        <subfield code="b">brabig</subfield>
                        <subfield code="c">201302060852</subfield>
                        <subfield code="d">prbig</subfield>
                        <subfield code="c">201302060852</subfield>
                        <subfield code="d">prbig</subfield>
                        <subfield code="c">201107081431</subfield>
                        <subfield code="d">prbig</subfield>
                        <subfield code="y">200305291325</subfield>
                        <subfield code="z">load</subfield>
                    </datafield>
                    <datafield tag="040" ind1=" " ind2=" ">
                        <subfield code="a">BAWI</subfield>
                        <subfield code="c">SAZ</subfield>
                    </datafield>
                    <datafield tag="100" ind1="1" ind2=" ">
                        <subfield code="a">Mesarovic, Mihajlo</subfield>
                    </datafield>
                    <datafield tag="245" ind1="1" ind2="0">
                        <subfield code="a">Menschheit am Wendepunkt :</subfield>
                        <subfield code="b">2. Bericht an den Club of Rome zur Weltlage /</subfield>
                        <subfield code="c">Mihajlo Mesarovic</subfield>
                    </datafield>
                    <datafield tag="260" ind1=" " ind2=" ">
                        <subfield code="a">Stuttgart :</subfield>
                        <subfield code="b">Deutsche Verlags-Anstalt,</subfield>
                        <subfield code="c">1974</subfield>
                    </datafield>
                    <datafield tag="300" ind1=" " ind2=" ">
                        <subfield code="a">184 S. ;</subfield>
                        <subfield code="c">22 cm</subfield>
                    </datafield>
                    <datafield tag="490" ind1="1" ind2=" ">
                        <subfield code="a">Dva informativ</subfield>
                    </datafield>
                    <datafield tag="650" ind1=" " ind2="7">
                        <subfield code="a">Erdöl</subfield>
                        <subfield code="2">[helvetosaurus]</subfield>
                    </datafield>
                    <datafield tag="650" ind1=" " ind2="7">
                        <subfield code="a">Nahrungsmittel</subfield>
                        <subfield code="2">[helvetosaurus]</subfield>
                    </datafield>
                    <datafield tag="650" ind1=" " ind2="7">
                        <subfield code="a">Kernenergie</subfield>
                        <subfield code="2">[helvetosaurus]</subfield>
                    </datafield>
                    <datafield tag="650" ind1=" " ind2="7">
                        <subfield code="a">Ernährung</subfield>
                        <subfield code="2">[helvetosaurus]</subfield>
                    </datafield>
                    <datafield tag="650" ind1=" " ind2="7">
                        <subfield code="a">Änderung der Wirtschaftsstruktur</subfield>
                        <subfield code="2">[helvetosaurus]</subfield>
                    </datafield>
                    <datafield tag="650" ind1=" " ind2="7">
                        <subfield code="a">Bevölkerungsentwicklung</subfield>
                        <subfield code="2">[helvetosaurus]</subfield>
                    </datafield>
                    <datafield tag="650" ind1=" " ind2="7">
                        <subfield code="a">Industrie</subfield>
                        <subfield code="2">[helvetosaurus]</subfield>
                    </datafield>
                    <datafield tag="650" ind1=" " ind2="7">
                        <subfield code="a">Medizin</subfield>
                        <subfield code="2">[helvetosaurus]</subfield>
                    </datafield>
                    <datafield tag="650" ind1=" " ind2="7">
                        <subfield code="a">Statistik</subfield>
                        <subfield code="2">[helvetosaurus]</subfield>
                    </datafield>
                    <datafield tag="650" ind1=" " ind2="7">
                        <subfield code="a">Technologie und technische Regelungen</subfield>
                        <subfield code="2">[helvetosaurus]</subfield>
                    </datafield>
                    <datafield tag="650" ind1=" " ind2="7">
                        <subfield code="a">Umweltpolitik (allgemein)</subfield>
                        <subfield code="2">[helvetosaurus]</subfield>
                    </datafield>
                    <datafield tag="650" ind1=" " ind2="7">
                        <subfield code="a">Zukunft</subfield>
                        <subfield code="2">[helvetosaurus]</subfield>
                    </datafield>
                    <datafield tag="650" ind1=" " ind2="7">
                        <subfield code="a">Wirtschaft</subfield>
                        <subfield code="2">[helvetosaurus]</subfield>
                    </datafield>
                    <datafield tag="650" ind1=" " ind2="7">
                        <subfield code="a">Rohstoff</subfield>
                        <subfield code="2">[helvetosaurus]</subfield>
                    </datafield>
                    <datafield tag="650" ind1=" " ind2="7">
                        <subfield code="a">Energieversorgung</subfield>
                        <subfield code="2">[helvetosaurus]</subfield>
                    </datafield>
                    <datafield tag="650" ind1=" " ind2="7">
                        <subfield code="a">Bevölkerung</subfield>
                        <subfield code="2">[helvetosaurus]</subfield>
                    </datafield>
                    <datafield tag="650" ind1=" " ind2="9">
                        <subfield code="a">Wachstum</subfield>
                        <subfield code="5">[voc06]</subfield>
                    </datafield>
                    <datafield tag="650" ind1=" " ind2="7">
                        <subfield code="a">Ökologische Forschung</subfield>
                        <subfield code="2">[helvetosaurus]</subfield>
                    </datafield>
                    <datafield tag="700" ind1="1" ind2=" ">
                        <subfield code="a">Pestel, Eduard</subfield>
                    </datafield>
                    <datafield tag="830" ind1=" " ind2="0">
                        <subfield code="a">Dva informativ</subfield>
                    </datafield>
                    <datafield tag="852" ind1="#" ind2=" ">
                        <subfield code="b">BIG</subfield>
                        <subfield code="c">Magazin1</subfield>
                        <subfield code="h"> BIG BAFU 0.25/19</subfield>
                        <subfield code="8">22334999980001791</subfield>
                    </datafield>
                    <datafield tag="852" ind1="#" ind2=" ">
                        <subfield code="b">BIG</subfield>
                        <subfield code="c">Magazin1</subfield>
                        <subfield code="h"> BIG SECO 8.870</subfield>
                        <subfield code="8">22336100700001791</subfield>
                    </datafield>
                    <datafield tag="949" ind1=" " ind2=" ">
                        <subfield code="a">1988740163</subfield>
                        <subfield code="b">Magazin1</subfield>
                        <subfield code="h">BOOK</subfield>
                        <subfield code="8">23293766250001791</subfield>
                        <subfield code="f">BIG</subfield>
                        <subfield code="c">BIG SECO 8.870</subfield>
                    </datafield>
                    <datafield tag="949" ind1=" " ind2=" ">
                        <subfield code="a">1988909530</subfield>
                        <subfield code="b">Magazin1</subfield>
                        <subfield code="h">BOOK</subfield>
                        <subfield code="8">23293766220001791</subfield>
                        <subfield code="f">BIG</subfield>
                        <subfield code="c">BIG BAFU 0.25/19</subfield>
                    </datafield>
                    <datafield tag="949" ind1=" " ind2=" ">
                        <subfield code="a">1988909531</subfield>
                        <subfield code="b">Magazin1</subfield>
                        <subfield code="h">BOOK</subfield>
                        <subfield code="8">23293766230001791</subfield>
                        <subfield code="f">BIG</subfield>
                        <subfield code="c">BIG BAFU 0.25/19</subfield>
                    </datafield>
                </record>
            </metadata>
        </record>