
        <record>
            <header>
                <identifier>oai:urm_publish:998874564101791</identifier>
                <datestamp>2015-10-14T22:24:22Z</datestamp>
                <setSpec>OAI_Sbib</setSpec>
            </header>
            <metadata xmlns:xsi="http://www.w3.org/2001/XMLSchema-instance">
                <record xmlns="http://www.loc.gov/MARC21/slim"
                    xmlns:xsi="http://www.w3.org/2001/XMLSchema-instance"
                    xsi:schemaLocation="http://www.loc.gov/MARC21/slim http://www.loc.gov/standards/marcxml/schema/MARC21slim.xsd">
                    <leader>01243nam a2200349 a 4500</leader>
                    <controlfield tag="005">20151014121320.0</controlfield>
                    <controlfield tag="008">131110s1997 gw 000 1 ger d</controlfield>
                    <controlfield tag="001">998874564101791</controlfield>
                    <datafield tag="020" ind1=" " ind2=" ">
                        <subfield code="a">3608952527 :</subfield>
                        <subfield code="c">CHF 36.20</subfield>
                    </datafield>
                    <datafield tag="035" ind1=" " ind2=" ">
                        <subfield code="a">vtls000887456-41big_inst</subfield>
                    </datafield>
                    <datafield tag="035" ind1=" " ind2=" ">
                        <subfield code="a">bv000887456</subfield>
                    </datafield>
                    <datafield tag="039" ind1=" " ind2="9">
                        <subfield code="a">201310071528</subfield>
                        <subfield code="b">nisibig</subfield>
                        <subfield code="c">201309241559</subfield>
                        <subfield code="d">afabig</subfield>
                        <subfield code="c">201307191717</subfield>
                        <subfield code="d">afabig</subfield>
                        <subfield code="c">201102232021</subfield>
                        <subfield code="d">VLOAD</subfield>
                        <subfield code="y">200411191129</subfield>
                        <subfield code="z">fstpsch</subfield>
                    </datafield>
                    <datafield tag="040" ind1=" " ind2=" ">
                        <subfield code="a">PSCH</subfield>
                        <subfield code="c">PSCH</subfield>
                    </datafield>
                    <datafield tag="041" ind1="1" ind2=" ">
                        <subfield code="a">ger</subfield>
                        <subfield code="h">eng</subfield>
                    </datafield>
                    <datafield tag="100" ind1="1" ind2=" ">
                        <subfield code="a">Lessing, Doris</subfield>
                    </datafield>
                    <datafield tag="245" ind1="1" ind2="4">
                        <subfield code="a">Das Tagebuch der Jane Somers :</subfield>
                        <subfield code="b">Roman /</subfield>
                        <subfield code="c">Doris Lessing ; aus dem Engl. übers. von Barbara
                            Schönberg</subfield>
                    </datafield>
                    <datafield tag="250" ind1=" " ind2=" ">
                        <subfield code="a">4. Aufl.</subfield>
                    </datafield>
                    <datafield tag="260" ind1=" " ind2=" ">
                        <subfield code="a">Stuttgart :</subfield>
                        <subfield code="b">Klett-Cotta,</subfield>
                        <subfield code="c">1997</subfield>
                    </datafield>
                    <datafield tag="300" ind1=" " ind2=" ">
                        <subfield code="a">294 S. ;</subfield>
                        <subfield code="c">22 cm</subfield>
                    </datafield>
                    <datafield tag="500" ind1=" " ind2=" ">
                        <subfield code="a">Übers. von: The diary of a good neighbour</subfield>
                    </datafield>
                    <datafield tag="650" ind1=" " ind2="7">
                        <subfield code="a">Demenz</subfield>
                        <subfield code="0">(DE-101)04011404X</subfield>
                        <subfield code="2">GND</subfield>
                    </datafield>
                    <datafield tag="650" ind1=" " ind2="7">
                        <subfield code="a">Interaktion</subfield>
                        <subfield code="0">(DE-101)040272664</subfield>
                        <subfield code="2">GND</subfield>
                    </datafield>
                    <datafield tag="650" ind1=" " ind2="7">
                        <subfield code="a">Literatur</subfield>
                        <subfield code="0">(DE-101)040359646</subfield>
                        <subfield code="2">GND</subfield>
                    </datafield>
                    <datafield tag="650" ind1=" " ind2="7">
                        <subfield code="a">Alter</subfield>
                        <subfield code="0">(DE-101)040014460</subfield>
                        <subfield code="2">GND</subfield>
                    </datafield>
                    <datafield tag="650" ind1=" " ind2="7">
                        <subfield code="a">Frau</subfield>
                        <subfield code="0">(DE-101)040182029</subfield>
                        <subfield code="2">GND</subfield>
                    </datafield>
                    <datafield tag="700" ind1="1" ind2=" ">
                        <subfield code="a">Schönberg, Barbara</subfield>
                    </datafield>
                    <datafield tag="700" ind1="1" ind2=" ">
                        <subfield code="a">Lessing, Doris.-</subfield>
                        <subfield code="t">The diary of a good neighbour</subfield>
                        <subfield code="l">(deutsch)</subfield>
                    </datafield>
                    <datafield tag="999" ind1=" " ind2=" ">
                        <subfield code="a">zm42</subfield>
                        <subfield code="b">200400</subfield>
                    </datafield>
                    <datafield tag="999" ind1=" " ind2=" ">
                        <subfield code="a">zm42b</subfield>
                        <subfield code="b">200500</subfield>
                    </datafield>
                    <datafield tag="999" ind1=" " ind2=" ">
                        <subfield code="a">zm42w</subfield>
                        <subfield code="b">2004w47</subfield>
                    </datafield>
                    <datafield tag="999" ind1=" " ind2=" ">
                        <subfield code="a">zm42f</subfield>
                        <subfield code="c">005</subfield>
                    </datafield>
                    <datafield tag="999" ind1=" " ind2=" ">
                        <subfield code="a">zm42f</subfield>
                        <subfield code="c">009</subfield>
                    </datafield>
                    <datafield tag="852" ind1="#" ind2=" ">
                        <subfield code="b">PSCH</subfield>
                        <subfield code="c">Archiv</subfield>
                        <subfield code="h">PSCH 70.1.121</subfield>
                        <subfield code="8">22298067730001791</subfield>
                    </datafield>
                    <datafield tag="949" ind1=" " ind2=" ">
                        <subfield code="a">1950417768</subfield>
                        <subfield code="b">Archiv</subfield>
                        <subfield code="h">BOOK</subfield>
                        <subfield code="8">23298067720001791</subfield>
                        <subfield code="f">PSCH</subfield>
                        <subfield code="c">PSCH 70.1.121</subfield>
                    </datafield>
                </record>
            </metadata>
        </record>