
        <record>
            <header>
                <identifier>oai:urm_publish:99467194101791</identifier>
                <datestamp>2015-10-14T22:24:22Z</datestamp>
                <setSpec>OAI_Sbib</setSpec>
            </header>
            <metadata xmlns:xsi="http://www.w3.org/2001/XMLSchema-instance">
                <record xmlns="http://www.loc.gov/MARC21/slim"
                    xmlns:xsi="http://www.w3.org/2001/XMLSchema-instance"
                    xsi:schemaLocation="http://www.loc.gov/MARC21/slim http://www.loc.gov/standards/marcxml/schema/MARC21slim.xsd">
                    <leader>00813nam a22002172i 4500</leader>
                    <controlfield tag="005">20150127111156.0</controlfield>
                    <controlfield tag="008">131110s1955 sz 000 0 ger d</controlfield>
                    <controlfield tag="001">99467194101791</controlfield>
                    <datafield tag="035" ind1=" " ind2=" ">
                        <subfield code="a">vtls000046719-41big_inst</subfield>
                    </datafield>
                    <datafield tag="035" ind1=" " ind2=" ">
                        <subfield code="a">bv01045627</subfield>
                    </datafield>
                    <datafield tag="039" ind1=" " ind2=" ">
                        <subfield code="a">8.3444</subfield>
                        <subfield code="b">98-52</subfield>
                        <subfield code="b">43-165</subfield>
                    </datafield>
                    <datafield tag="039" ind1=" " ind2="9">
                        <subfield code="a">201301221101</subfield>
                        <subfield code="b">afabig</subfield>
                        <subfield code="c">201301211943</subfield>
                        <subfield code="d">mclbig</subfield>
                        <subfield code="c">201210182030</subfield>
                        <subfield code="d">afabig</subfield>
                        <subfield code="c">201105140006</subfield>
                        <subfield code="d">VLOAD</subfield>
                        <subfield code="y">200305291118</subfield>
                        <subfield code="z">load</subfield>
                    </datafield>
                    <datafield tag="040" ind1=" " ind2=" ">
                        <subfield code="a">TFL</subfield>
                        <subfield code="c">SAZ</subfield>
                    </datafield>
                    <datafield tag="100" ind1="2" ind2=" ">
                        <subfield code="a">Kehl-Zeller, Robert</subfield>
                    </datafield>
                    <datafield tag="245" ind1="1" ind2="4">
                        <subfield code="a">Die gegenseitige Akten-Editionspflicht der
                            Verwaltungsbehörden und der Zivilgerichte im schweizerischen Recht
                            /</subfield>
                        <subfield code="c">von Robert Kehl-Zeller</subfield>
                    </datafield>
                    <datafield tag="260" ind1=" " ind2=" ">
                        <subfield code="a">Zürich :</subfield>
                        <subfield code="b">Schulthess,</subfield>
                        <subfield code="c">1955</subfield>
                    </datafield>
                    <datafield tag="300" ind1=" " ind2=" ">
                        <subfield code="a">VIII, 148 S. ;</subfield>
                        <subfield code="c">22 cm</subfield>
                    </datafield>
                    <datafield tag="500" ind1=" " ind2=" ">
                        <subfield code="a">13186</subfield>
                        <subfield code="5">[EDA]</subfield>
                    </datafield>
                    <datafield tag="650" ind1=" " ind2="7">
                        <subfield code="a">Editionspflicht</subfield>
                        <subfield code="2">[jurivoc]</subfield>
                    </datafield>
                    <datafield tag="650" ind1=" " ind2="7">
                        <subfield code="a">Zivilprozess</subfield>
                        <subfield code="2">[jurivoc]</subfield>
                    </datafield>
                    <datafield tag="651" ind1=" " ind2="7">
                        <subfield code="a">Schweiz</subfield>
                        <subfield code="2">[jurivoc]</subfield>
                    </datafield>
                    <datafield tag="852" ind1="#" ind2=" ">
                        <subfield code="b">IGE</subfield>
                        <subfield code="c">Bibliothek</subfield>
                        <subfield code="h">IGE C-4/31</subfield>
                        <subfield code="8">22321699010001791</subfield>
                    </datafield>
                    <datafield tag="949" ind1=" " ind2=" ">
                        <subfield code="a">1950710266</subfield>
                        <subfield code="b">Bibliothek</subfield>
                        <subfield code="h">BOOK</subfield>
                        <subfield code="8">23321699000001791</subfield>
                        <subfield code="f">IGE</subfield>
                        <subfield code="c">IGE C-4/31</subfield>
                    </datafield>
                </record>
            </metadata>
        </record>