
        <record>
            <header>
                <identifier>oai:urm_publish:992244784101791</identifier>
                <datestamp>2015-10-14T22:24:22Z</datestamp>
                <setSpec>OAI_Sbib</setSpec>
            </header>
            <metadata xmlns:xsi="http://www.w3.org/2001/XMLSchema-instance">
                <record xmlns="http://www.loc.gov/MARC21/slim"
                    xmlns:xsi="http://www.w3.org/2001/XMLSchema-instance"
                    xsi:schemaLocation="http://www.loc.gov/MARC21/slim http://www.loc.gov/standards/marcxml/schema/MARC21slim.xsd">
                    <leader>05286nas a2200865 a 4500</leader>
                    <controlfield tag="005">20150127125728.0</controlfield>
                    <controlfield tag="008">131110c19209999sz wr p f0 b0fre d</controlfield>
                    <controlfield tag="001">992244784101791</controlfield>
                    <datafield tag="022" ind1="0" ind2=" ">
                        <subfield code="a">1420-2492</subfield>
                    </datafield>
                    <datafield tag="035" ind1=" " ind2=" ">
                        <subfield code="a">vtls000224478-41big_inst</subfield>
                    </datafield>
                    <datafield tag="035" ind1=" " ind2=" ">
                        <subfield code="a">bv80003905</subfield>
                    </datafield>
                    <datafield tag="039" ind1=" " ind2=" ">
                        <subfield code="b">39</subfield>
                        <subfield code="b">46</subfield>
                        <subfield code="b">18</subfield>
                        <subfield code="b">39</subfield>
                        <subfield code="b">01-02</subfield>
                        <subfield code="b">01-98</subfield>
                        <subfield code="b">21-91</subfield>
                        <subfield code="b">98-87</subfield>
                        <subfield code="b">32-138</subfield>
                        <subfield code="b">37-93</subfield>
                        <subfield code="b">01-183</subfield>
                    </datafield>
                    <datafield tag="039" ind1=" " ind2="9">
                        <subfield code="a">201304121624</subfield>
                        <subfield code="b">afabig</subfield>
                        <subfield code="c">201302271757</subfield>
                        <subfield code="d">afabig</subfield>
                        <subfield code="c">201302271433</subfield>
                        <subfield code="d">afabig</subfield>
                        <subfield code="c">201302211030</subfield>
                        <subfield code="d">afabig</subfield>
                        <subfield code="y">200305291141</subfield>
                        <subfield code="z">load0002</subfield>
                    </datafield>
                    <datafield tag="040" ind1=" " ind2=" ">
                        <subfield code="a">SLB</subfield>
                        <subfield code="c">SLB</subfield>
                        <subfield code="d">TFL</subfield>
                    </datafield>
                    <datafield tag="245" ind1="0" ind2="0">
                        <subfield code="a">Feuille fédérale</subfield>
                        <subfield code="h">[Periodicum]</subfield>
                    </datafield>
                    <datafield tag="246" ind1="1" ind2="4">
                        <subfield code="a">Feuille fédérale de la Confédération suisse</subfield>
                        <subfield code="h">[Periodicum]</subfield>
                    </datafield>
                    <datafield tag="246" ind1="1" ind2="3">
                        <subfield code="a">FF</subfield>
                        <subfield code="h">[Periodicum] :</subfield>
                        <subfield code="b">Feuille fédérale</subfield>
                    </datafield>
                    <datafield tag="260" ind1=" " ind2=" ">
                        <subfield code="a">Berne :</subfield>
                        <subfield code="b">K.J. Wyss,</subfield>
                        <subfield code="c">1920-</subfield>
                    </datafield>
                    <datafield tag="300" ind1=" " ind2=" ">
                        <subfield code="c">21 cm</subfield>
                    </datafield>
                    <datafield tag="310" ind1=" " ind2=" ">
                        <subfield code="a">Hebdomadaire</subfield>
                    </datafield>
                    <datafield tag="362" ind1="0" ind2=" ">
                        <subfield code="a">Année 72, vol. 1, no 1 (7 janv. 1920)-</subfield>
                    </datafield>
                    <datafield tag="530" ind1=" " ind2=" ">
                        <subfield code="a">Aussi accessible sur Internet sous:</subfield>
                        <subfield code="u"
                            >http://www.admin.ch/bundesrecht/00568/index.html?lang=fr</subfield>
                    </datafield>
                    <datafield tag="580" ind1=" " ind2=" ">
                        <subfield code="a">Fait suite à: Feuille fédérale suisse</subfield>
                    </datafield>
                    <datafield tag="580" ind1=" " ind2=" ">
                        <subfield code="a">Suppl. jusqu'en 1972: Verzeichnis der eidgenössischen
                            Geschwornen = Liste des jurés fédéraux = Elenco dei giurati
                            federali</subfield>
                    </datafield>
                    <datafield tag="580" ind1=" " ind2=" ">
                        <subfield code="a">Suppl. jusqu'en 1962: Stenographisches Bulletin der
                            Bundesversammlung. Nationalrat = Bulletin sténographique de l'Assemblée
                            fédérale. Conseil national, et: Stenographisches Bulletin der
                            Bundesversammlung. Ständerat = Bulletin sténographique de l'Assemblée
                            fédérale. Conseil des Etats</subfield>
                    </datafield>
                    <datafield tag="580" ind1=" " ind2=" ">
                        <subfield code="a">Suppl. dès 1963: Amtliches Bulletin der
                            Bundesversammlung. Nationalrat = Bulletin officiel de l'Assemblée
                            fédérale. Conseil national = Bollettino ufficiale dell'Assemblea
                            federale. Consiglio Nazionale, et: Amtliches Bulletin der
                            Bundesversammlung. Ständerat = Bulletin officiel de l'Assemblée
                            fédérale. Conseil des Etats = Bollettino ufficiale dell'Assemblea
                            federale. Consiglio degli Stati</subfield>
                    </datafield>
                    <datafield tag="580" ind1=" " ind2=" ">
                        <subfield code="a">Suppl. sur CD-ROM dès 1997 (session d'hiver
                            4/1995-4/1996): Amtliches Bulletin der Bundesversammlung = Bulletin
                            officiel de l'Assemblée fédérale = Bollettino ufficiale dell'Assemblea
                            federale</subfield>
                    </datafield>
                    <datafield tag="580" ind1=" " ind2=" ">
                        <subfield code="a">Contient jusqu'en 1927: Rapport du Tribunal fédéral
                            suisse à l'Assemblée fédérale sur sa gestion pendant l'année ..., et:
                            Rapport du Tribunal fédéral des assurances à l'Assemblée fédérale sur sa
                            gestion pendant l'année ...</subfield>
                    </datafield>
                    <datafield tag="580" ind1=" " ind2=" ">
                        <subfield code="a">Suppl. jusqu'en 1987: Recueil des lois
                            fédérales</subfield>
                    </datafield>
                    <datafield tag="580" ind1=" " ind2=" ">
                        <subfield code="a">Suppl. 1988-2005, no 4: Recueil officiel des lois
                            fédérales</subfield>
                    </datafield>
                    <datafield tag="580" ind1=" " ind2=" ">
                        <subfield code="a">Suppl. dès 2005, no 5: Recueil officiel du droit
                            fédéral</subfield>
                    </datafield>
                    <datafield tag="580" ind1=" " ind2=" ">
                        <subfield code="a">A pour suppl.: Résumé des délibérations de l'Assemblée
                            fédérale</subfield>
                    </datafield>
                    <datafield tag="650" ind1=" " ind2="7">
                        <subfield code="a">Amtsblatt</subfield>
                        <subfield code="2">[jurivoc]</subfield>
                    </datafield>
                    <datafield tag="650" ind1=" " ind2="7">
                        <subfield code="a">Bundesrecht</subfield>
                        <subfield code="2">[jurivoc]</subfield>
                    </datafield>
                    <datafield tag="650" ind1=" " ind2="7">
                        <subfield code="a">Periodikum</subfield>
                        <subfield code="2">[jurivoc]</subfield>
                    </datafield>
                    <datafield tag="650" ind1=" " ind2="7">
                        <subfield code="a">Bund</subfield>
                        <subfield code="2">[helvetosaurus]</subfield>
                    </datafield>
                    <datafield tag="650" ind1=" " ind2="7">
                        <subfield code="a">Zeitschrift</subfield>
                        <subfield code="2">[helvetosaurus]</subfield>
                    </datafield>
                    <datafield tag="650" ind1=" " ind2="7">
                        <subfield code="a">Recht (allgemein)</subfield>
                        <subfield code="2">[helvetosaurus]</subfield>
                    </datafield>
                    <datafield tag="650" ind1=" " ind2="7">
                        <subfield code="a">Periodische Veröffentlichung</subfield>
                        <subfield code="2">[helvetosaurus]</subfield>
                    </datafield>
                    <datafield tag="650" ind1=" " ind2="7">
                        <subfield code="a">Bundesversammlung</subfield>
                        <subfield code="2">[midonas]</subfield>
                    </datafield>
                    <datafield tag="650" ind1=" " ind2="7">
                        <subfield code="a">Abstimmungen</subfield>
                        <subfield code="2">[midonas]</subfield>
                    </datafield>
                    <datafield tag="650" ind1=" " ind2="7">
                        <subfield code="a">Bundesrat</subfield>
                        <subfield code="2">[midonas]</subfield>
                    </datafield>
                    <datafield tag="650" ind1=" " ind2="7">
                        <subfield code="a">Bundesbeschluss</subfield>
                        <subfield code="2">[midonas]</subfield>
                    </datafield>
                    <datafield tag="650" ind1=" " ind2="7">
                        <subfield code="a">Bundesgesetze</subfield>
                        <subfield code="2">[midonas]</subfield>
                    </datafield>
                    <datafield tag="650" ind1=" " ind2="7">
                        <subfield code="a">Politik</subfield>
                        <subfield code="2">[jurivoc]</subfield>
                    </datafield>
                    <datafield tag="650" ind1=" " ind2="7">
                        <subfield code="a">Recht</subfield>
                        <subfield code="2">[midonas]</subfield>
                    </datafield>
                    <datafield tag="710" ind1="1" ind2=" ">
                        <subfield code="a">Schweiz. -</subfield>
                        <subfield code="t">[Gesetze und Verordnungen</subfield>
                        <subfield code="d">(1920- ;</subfield>
                        <subfield code="l">français).</subfield>
                        <subfield code="f">1920-.]</subfield>
                    </datafield>
                    <datafield tag="770" ind1="1" ind2=" ">
                        <subfield code="t">Verzeichnis der eidgenössischen Geschwornen</subfield>
                        <subfield code="x">1421-4083</subfield>
                    </datafield>
                    <datafield tag="770" ind1="1" ind2=" ">
                        <subfield code="t">Liste des jurés fédéraux</subfield>
                    </datafield>
                    <datafield tag="770" ind1="1" ind2=" ">
                        <subfield code="t">Elenco dei giurati federali</subfield>
                    </datafield>
                    <datafield tag="770" ind1="1" ind2=" ">
                        <subfield code="t">Résumé des délibérations de l'Assemblée
                            fédérale</subfield>
                        <subfield code="x">1421-4067</subfield>
                    </datafield>
                    <datafield tag="770" ind1="1" ind2=" ">
                        <subfield code="t">Stenographisches Bulletin der Bundesversammlung.
                            Nationalrat</subfield>
                        <subfield code="x">1421-4008</subfield>
                    </datafield>
                    <datafield tag="770" ind1="1" ind2=" ">
                        <subfield code="t">Bulletin sténographique de l'Assemblée fédérale. Conseil
                            national</subfield>
                    </datafield>
                    <datafield tag="770" ind1="1" ind2=" ">
                        <subfield code="t">Stenographisches Bulletin der Bundesversammlung.
                            Ständerat</subfield>
                        <subfield code="x">1421-3990</subfield>
                    </datafield>
                    <datafield tag="770" ind1="1" ind2=" ">
                        <subfield code="t">Bulletin sténographique de l'Assemblée fédérale. Conseil
                            des Etats</subfield>
                    </datafield>
                    <datafield tag="770" ind1="1" ind2=" ">
                        <subfield code="t">Recueil des lois fédérales</subfield>
                        <subfield code="x">1013-6312</subfield>
                    </datafield>
                    <datafield tag="770" ind1="1" ind2=" ">
                        <subfield code="t">Recueil officiel des lois fédérales</subfield>
                        <subfield code="x">1013-6320</subfield>
                    </datafield>
                    <datafield tag="770" ind1="1" ind2=" ">
                        <subfield code="t">Amtliches Bulletin der Bundesversammlung.
                            Nationalrat</subfield>
                        <subfield code="x">1421-3974</subfield>
                    </datafield>
                    <datafield tag="770" ind1="1" ind2=" ">
                        <subfield code="t">Bulletin officiel de l'Assemblée fédérale. Conseil
                            national</subfield>
                    </datafield>
                    <datafield tag="770" ind1="1" ind2=" ">
                        <subfield code="t">Amtliches Bulletin der Bundesversammlung.
                            Ständerat</subfield>
                        <subfield code="x">1421-3982</subfield>
                    </datafield>
                    <datafield tag="770" ind1="1" ind2=" ">
                        <subfield code="t">Bulletin officiel de l'Assemblée fédérale. Conseil des
                            Etats</subfield>
                    </datafield>
                    <datafield tag="770" ind1="1" ind2=" ">
                        <subfield code="t">Amtliches Bulletin der Bundesversammlung</subfield>
                        <subfield code="x">1420-9454</subfield>
                    </datafield>
                    <datafield tag="770" ind1="1" ind2=" ">
                        <subfield code="t">Bulletin officiel de l'Assemblée fédérale</subfield>
                    </datafield>
                    <datafield tag="770" ind1="1" ind2=" ">
                        <subfield code="t">Bollettino ufficiale dell'Assemblea federale</subfield>
                    </datafield>
                    <datafield tag="770" ind1="1" ind2=" ">
                        <subfield code="t">Bollettino ufficiale dell'Assemblea federale. Consiglio
                            Nazionale</subfield>
                    </datafield>
                    <datafield tag="770" ind1="1" ind2=" ">
                        <subfield code="t">Bollettino ufficiale dell'Assemblea federale. Consiglio
                            degli Stati</subfield>
                    </datafield>
                    <datafield tag="770" ind1="1" ind2=" ">
                        <subfield code="t">Recueil officiel du droit fédéral</subfield>
                    </datafield>
                    <datafield tag="775" ind1="0" ind2=" ">
                        <subfield code="t">Foglio federale</subfield>
                        <subfield code="x">1420-2514</subfield>
                        <subfield code="w">bv01004477</subfield>
                    </datafield>
                    <datafield tag="775" ind1="0" ind2=" ">
                        <subfield code="t">Bundesblatt</subfield>
                        <subfield code="x">1420-2476</subfield>
                        <subfield code="w">bv80003906</subfield>
                    </datafield>
                    <datafield tag="780" ind1="1" ind2="0">
                        <subfield code="t">Feuille fédérale suisse</subfield>
                        <subfield code="x">1421-3753</subfield>
                    </datafield>
                    <datafield tag="787" ind1="1" ind2=" ">
                        <subfield code="s">Rapport du Tribunal fédéral suisse à l'Assemblée fédérale
                            sur sa gestion pendant l'année ...</subfield>
                        <subfield code="x">1423-1115</subfield>
                    </datafield>
                    <datafield tag="787" ind1="1" ind2=" ">
                        <subfield code="s">Rapport du Tribunal fédéral des assurances à l'Assemblée
                            fédérale sur sa gestion pendant l'année ...</subfield>
                        <subfield code="x">1423-114X</subfield>
                    </datafield>
                    <datafield tag="891" ind1="2" ind2=" ">
                        <subfield code="9">853</subfield>
                        <subfield code="8">2</subfield>
                        <subfield code="a">(Jg.)</subfield>
                        <subfield code="b">no</subfield>
                        <subfield code="u">51</subfield>
                        <subfield code="v">r</subfield>
                        <subfield code="i">(year)</subfield>
                        <subfield code="j">(month)</subfield>
                        <subfield code="k">(day)</subfield>
                        <subfield code="w">w</subfield>
                        <subfield code="y">ow0101</subfield>
                    </datafield>
                    <datafield tag="999" ind1=" " ind2=" ">
                        <subfield code="a">kat05per</subfield>
                        <subfield code="b">0000/00</subfield>
                    </datafield>
                    <datafield tag="999" ind1=" " ind2=" ">
                        <subfield code="a">kat11per</subfield>
                        <subfield code="b">200509</subfield>
                    </datafield>
                    <datafield tag="852" ind1="4" ind2=" ">
                        <subfield code="b">BIG</subfield>
                        <subfield code="c">Magazin1</subfield>
                        <subfield code="h">BIG BFM FF-f</subfield>
                        <subfield code="8">22306485520001791</subfield>
                    </datafield>
                    <datafield tag="866" ind1=" " ind2=" ">
                        <subfield code="a">137, 1985 -</subfield>
                        <subfield code="8">1</subfield>
                        <subfield code="8">22306485520001791</subfield>
                    </datafield>
                    <datafield tag="866" ind1=" " ind2=" ">
                        <subfield code="a">Dauernde Aufbewahrung</subfield>
                        <subfield code="8">2</subfield>
                        <subfield code="8">22306485520001791</subfield>
                    </datafield>
                    <datafield tag="866" ind1=" " ind2=" ">
                        <subfield code="a">Wird automatisch in gebundener Form geliefert</subfield>
                        <subfield code="8">3</subfield>
                        <subfield code="8">22306485520001791</subfield>
                    </datafield>
                    <datafield tag="866" ind1=" " ind2=" ">
                        <subfield code="a">Deutsche Ausg. siehe: Z-3-d; Versione italiana vedi:
                            Z-3-i</subfield>
                        <subfield code="8">4</subfield>
                        <subfield code="8">22306485520001791</subfield>
                    </datafield>
                    <datafield tag="852" ind1="8" ind2=" ">
                        <subfield code="b">BIG</subfield>
                        <subfield code="c">ASTRAZS</subfield>
                        <subfield code="h">BIG ASTRA P001</subfield>
                        <subfield code="8">22306485540001791</subfield>
                    </datafield>
                    <datafield tag="866" ind1=" " ind2=" ">
                        <subfield code="a">Ab 1943 - 2014</subfield>
                        <subfield code="8">1</subfield>
                        <subfield code="8">22306485540001791</subfield>
                    </datafield>
                    <datafield tag="852" ind1="8" ind2=" ">
                        <subfield code="b">BAG</subfield>
                        <subfield code="c">WIS</subfield>
                        <subfield code="h">BAG</subfield>
                        <subfield code="8">22306485420001791</subfield>
                    </datafield>
                    <datafield tag="866" ind1=" " ind2="0">
                        <subfield code="a">WIS (1930-1999) (in Lokal Recht Archiv U142,
                            Hauptgeb.)</subfield>
                        <subfield code="8">1</subfield>
                        <subfield code="8">22306485420001791</subfield>
                    </datafield>
                    <datafield tag="852" ind1="8" ind2=" ">
                        <subfield code="b">BAG</subfield>
                        <subfield code="c">AKV</subfield>
                        <subfield code="h">BAG</subfield>
                        <subfield code="8">22306485510001791</subfield>
                    </datafield>
                    <datafield tag="866" ind1=" " ind2="0">
                        <subfield code="a">AKV (2006-2014) ; abbest. auf Ende 2014</subfield>
                        <subfield code="8">1</subfield>
                        <subfield code="8">22306485510001791</subfield>
                    </datafield>
                    <datafield tag="852" ind1="4" ind2=" ">
                        <subfield code="b">BIG</subfield>
                        <subfield code="c">Magazin1</subfield>
                        <subfield code="h">BIG BFM FF-f</subfield>
                        <subfield code="8">22306485440001791</subfield>
                    </datafield>
                    <datafield tag="866" ind1=" " ind2=" ">
                        <subfield code="a">97, 1945 -</subfield>
                        <subfield code="8">1</subfield>
                        <subfield code="8">22306485440001791</subfield>
                    </datafield>
                    <datafield tag="866" ind1=" " ind2=" ">
                        <subfield code="a">130, 1978 - 2007</subfield>
                        <subfield code="8">2</subfield>
                        <subfield code="8">22306485440001791</subfield>
                    </datafield>
                    <datafield tag="866" ind1=" " ind2=" ">
                        <subfield code="a">Dauernde Aufbewahrung</subfield>
                        <subfield code="8">3</subfield>
                        <subfield code="8">22306485440001791</subfield>
                    </datafield>
                    <datafield tag="866" ind1=" " ind2=" ">
                        <subfield code="a">Wird automatisch in gebundener Form geliefert</subfield>
                        <subfield code="8">4</subfield>
                        <subfield code="8">22306485440001791</subfield>
                    </datafield>
                    <datafield tag="866" ind1=" " ind2=" ">
                        <subfield code="a">Sammlung vor 1969 unvollständig</subfield>
                        <subfield code="8">5</subfield>
                        <subfield code="8">22306485440001791</subfield>
                    </datafield>
                    <datafield tag="866" ind1=" " ind2=" ">
                        <subfield code="a">Deutsche Ausgabe siehe: Z-3-d; Versione italiana vedi:
                            Z-3-i</subfield>
                        <subfield code="8">6</subfield>
                        <subfield code="8">22306485440001791</subfield>
                    </datafield>
                    <datafield tag="852" ind1="8" ind2=" ">
                        <subfield code="a">41BIG_INST</subfield>
                        <subfield code="b">BIG</subfield>
                        <subfield code="c">Zeitschr</subfield>
                        <subfield code="h">BIG PP I 124 M</subfield>
                        <subfield code="8">22331156720001791</subfield>
                    </datafield>
                    <datafield tag="852" ind1="#" ind2=" ">
                        <subfield code="b">SECO</subfield>
                        <subfield code="c">DokArchiv</subfield>
                        <subfield code="h">SECO Z 2</subfield>
                        <subfield code="8">22306485450001791</subfield>
                    </datafield>
                    <datafield tag="866" ind1=" " ind2=" ">
                        <subfield code="a">1960-1980</subfield>
                        <subfield code="8">1</subfield>
                        <subfield code="8">22306485450001791</subfield>
                    </datafield>
                    <datafield tag="852" ind1="#" ind2=" ">
                        <subfield code="b">BIG</subfield>
                        <subfield code="c">Magazin1</subfield>
                        <subfield code="h">BIG PP I 124</subfield>
                        <subfield code="8">22306485410001791</subfield>
                    </datafield>
                    <datafield tag="866" ind1=" " ind2=" ">
                        <subfield code="a">1 (1895)-</subfield>
                        <subfield code="8">1</subfield>
                        <subfield code="8">22306485410001791</subfield>
                    </datafield>
                    <datafield tag="852" ind1="#" ind2=" ">
                        <subfield code="b">SECO</subfield>
                        <subfield code="c">Doku</subfield>
                        <subfield code="h">SECO Z 2(1998)</subfield>
                        <subfield code="8">22306485580001791</subfield>
                    </datafield>
                    <datafield tag="852" ind1="#" ind2=" ">
                        <subfield code="b">ZAS</subfield>
                        <subfield code="c">Biblio</subfield>
                        <subfield code="h">CDC 342(050)FEU</subfield>
                        <subfield code="8">22306485460001791</subfield>
                    </datafield>
                    <datafield tag="866" ind1=" " ind2=" ">
                        <subfield code="a">Etat de la collection :</subfield>
                        <subfield code="8">1</subfield>
                        <subfield code="8">22306485460001791</subfield>
                    </datafield>
                    <datafield tag="866" ind1=" " ind2=" ">
                        <subfield code="a">1939 -</subfield>
                        <subfield code="8">2</subfield>
                        <subfield code="8">22306485460001791</subfield>
                    </datafield>
                    <datafield tag="852" ind1="4" ind2=" ">
                        <subfield code="b">BIG</subfield>
                        <subfield code="c">Magazin1</subfield>
                        <subfield code="h">BIG PP I 124 M b</subfield>
                        <subfield code="8">22306485490001791</subfield>
                    </datafield>
                    <datafield tag="866" ind1=" " ind2="0">
                        <subfield code="a">wird nicht aufbewahrt</subfield>
                        <subfield code="8">1</subfield>
                        <subfield code="8">22306485490001791</subfield>
                    </datafield>
                    <datafield tag="852" ind1="4" ind2=" ">
                        <subfield code="b">BIG</subfield>
                        <subfield code="c">Magazin1</subfield>
                        <subfield code="h">BIG PP I 124 M a</subfield>
                        <subfield code="8">22306485500001791</subfield>
                    </datafield>
                    <datafield tag="866" ind1=" " ind2="0">
                        <subfield code="a">wird nicht aufbewahrt</subfield>
                        <subfield code="8">1</subfield>
                        <subfield code="8">22306485500001791</subfield>
                    </datafield>
                    <datafield tag="852" ind1="#" ind2=" ">
                        <subfield code="b">SECO</subfield>
                        <subfield code="c">DokArchiv</subfield>
                        <subfield code="h">SECO Z 2</subfield>
                        <subfield code="8">22306485280001791</subfield>
                    </datafield>
                    <datafield tag="866" ind1=" " ind2=" ">
                        <subfield code="a">1920-1959</subfield>
                        <subfield code="8">1</subfield>
                        <subfield code="8">22306485280001791</subfield>
                    </datafield>
                    <datafield tag="852" ind1="#" ind2=" ">
                        <subfield code="b">SECO</subfield>
                        <subfield code="c">DokArchiv</subfield>
                        <subfield code="h">SECO Z 2</subfield>
                        <subfield code="8">22306485470001791</subfield>
                    </datafield>
                    <datafield tag="866" ind1=" " ind2=" ">
                        <subfield code="a">1981 -</subfield>
                        <subfield code="8">1</subfield>
                        <subfield code="8">22306485470001791</subfield>
                    </datafield>
                    <datafield tag="852" ind1="#" ind2=" ">
                        <subfield code="b">BAR</subfield>
                        <subfield code="c">Doku</subfield>
                        <subfield code="h">BAR Lc2</subfield>
                        <subfield code="8">22306485560001791</subfield>
                    </datafield>
                    <datafield tag="852" ind1="8" ind2=" ">
                        <subfield code="b">BFS</subfield>
                        <subfield code="c">Archiv</subfield>
                        <subfield code="h">BFS 10100 02 30 132000 0000 0</subfield>
                        <subfield code="8">22306485430001791</subfield>
                    </datafield>
                    <datafield tag="866" ind1=" " ind2=" ">
                        <subfield code="a">1/2000-</subfield>
                        <subfield code="8">1</subfield>
                        <subfield code="8">22306485430001791</subfield>
                    </datafield>
                    <datafield tag="866" ind1="4" ind2="1">
                        <subfield code="a">167:no 1-40(2015:Jan.-Okt.13-13)</subfield>
                        <subfield code="8">2.1</subfield>
                        <subfield code="8">22306485430001791</subfield>
                    </datafield>
                    <datafield tag="949" ind1=" " ind2=" ">
                        <subfield code="a">ITEM3019001</subfield>
                        <subfield code="b">Archiv</subfield>
                        <subfield code="h">ISSUE</subfield>
                        <subfield code="8">23330029810001791</subfield>
                        <subfield code="e">vol.2015:no 40</subfield>
                        <subfield code="f">BFS</subfield>
                        <subfield code="c">BFS 10100 02 30 132000 0000 0</subfield>
                    </datafield>
                    <datafield tag="949" ind1=" " ind2=" ">
                        <subfield code="a">ITEM3087784</subfield>
                        <subfield code="b">Magazin1</subfield>
                        <subfield code="h">ISSUE</subfield>
                        <subfield code="8">23331358410001791</subfield>
                        <subfield code="e">vol.2015:no 40 (2015:10)</subfield>
                        <subfield code="f">BIG</subfield>
                        <subfield code="c">BIG PP I 124 M a</subfield>
                    </datafield>
                    <datafield tag="949" ind1=" " ind2=" ">
                        <subfield code="a">1950332985</subfield>
                        <subfield code="b">Doku</subfield>
                        <subfield code="h">ISSUE</subfield>
                        <subfield code="8">23306485570001791</subfield>
                        <subfield code="e">1998/1</subfield>
                        <subfield code="f">SECO</subfield>
                        <subfield code="c">SECO Z 2(1998)</subfield>
                    </datafield>
                    <datafield tag="949" ind1=" " ind2=" ">
                        <subfield code="a">ITEM3110539</subfield>
                        <subfield code="b">Zeitschr</subfield>
                        <subfield code="h">ISSUE</subfield>
                        <subfield code="8">23333218400001791</subfield>
                        <subfield code="e">vol.2015:no 40 (2015:10)</subfield>
                        <subfield code="f">BIG</subfield>
                        <subfield code="c">BIG PP I 124 M</subfield>
                    </datafield>
                    <datafield tag="949" ind1=" " ind2=" ">
                        <subfield code="a">ITEM3126365</subfield>
                        <subfield code="b">Magazin1</subfield>
                        <subfield code="h">ISSUE</subfield>
                        <subfield code="8">23334846760001791</subfield>
                        <subfield code="e">vol.2015:no 40 (2015:10)</subfield>
                        <subfield code="f">BIG</subfield>
                        <subfield code="c">BIG PP I 124 M b</subfield>
                    </datafield>
                    <datafield tag="949" ind1=" " ind2=" ">
                        <subfield code="a">ITEM1161297</subfield>
                        <subfield code="b">Doku</subfield>
                        <subfield code="h">ISSUE</subfield>
                        <subfield code="8">23306485550001791</subfield>
                        <subfield code="f">BAR</subfield>
                        <subfield code="c">BAR Lc2</subfield>
                    </datafield>
                </record>
            </metadata>
        </record>
        <resumptionToken>2015-10-14T12:15:32Z@all@OAI_Sbib@marc21@2235009357480001791</resumptionToken>
    </ListRecords>
</OAI-PMH>
